3232 5044
655 245 868 311 ..57-

248 432 390 515 Denique
415 433 452 497 ut
473 449 588 515 pagum
611 450 871 515 unumquemque,
893 451 932 502 ne
946 451 996 499 ros
1017 433 1145 516 publiea
1166 435 1272 503 tande
1295 439 1376 504 deei-

142 538 267 619 peretnr
288 553 367 600 neve
389 535 471 600 illud
486 539 525 601 ad
540 539 665 619 tempus
686 553 780 618 grase
802 535 941 602 officium
962 537 1138 606 hominibus
1160 539 1375 625 iniungeretur

142 657 256 722 parum
292 638 420 703 fortuna
455 640 589 716 ornatis,
626 638 805 721 designasse
841 641 1028 720 statuerem,
1066 642 1122 724 qui
1156 659 1282 709 suornm
1319 645 1376 710 hoo

143 761 259 808 munus
274 743 523 824 exsequerentur,
547 741 650 807 verbis
665 743 825 824 permotus
840 761 921 821 snm,
944 759 1022 826 quae
1045 747 1166 812 exstant
1181 747 1270 812 Dem.
1286 748 1322 830 L,
1339 749 1375 812 8:

147 847 199 910 καὶ
228 850 290 910 τῶν
318 845 506 924 χρημάτων,
536 841 583 909 ῶν
612 845 657 910 εἰε
684 845 742 911 τὸν
767 845 906 911 ἔκπλουν
934 847 1128 927 ἐψηφίεοεθε
1157 849 1377 929 εἰεενεχθῆναι,

148 949 242 1027 μέρος
269 948 329 1012 οὐκ
358 949 521 1027 ἐλάχιττον
550 949 614 1024 ἐγὼ
636 949 709 1027 ὑμῖν
729 951 962 1028 προειεήνεγκα.
997 951 1095 1018 δόξαν
1117 953 1177 1031 γὰρ
1200 953 1272 1032 ὑμῖν
1293 953 1375 1032 ὑπὲρ

144 1056 210 1117 τῶν
240 1055 389 1130 δημοτῶν
417 1053 493 1118 τοδε
527 1053 699 1132 βουλευτὰε
728 1051 910 1130 ἀπενεγκεῖν
937 1056 1013 1119 τούκ
1035 1057 1288 1137 πμοεκοίεοντᾳτ
1310 1059 1376 1121 τῶν

142 1175 178 1220 τε
201 1159 351 1233 δημοτῶν
361 1156 430 1220 ι’καὶ
458 1159 524 1220 τῶν
546 1156 794 1234 ἐγκεκτημένων,
826 1159 1070 1236 προεαπηνέχθη
1093 1180 1154 1237 μου
1175 1159 1316 1237 τοῦνομα
1340 1161 1375 1228 ἐν

142 1263 283 1337 τμεττοῖε
304 1259 413 1337 δήμοιε
436 1259 548 1324 διὰτὸ
571 1260 717 1339 φανερὰν
740 1257 819 1324 εἷναί
843 1280 904 1337 μου
926 1262 986 1338 τὴν
1006 1261 1168 1344 oririov¹l3
1199 1261 1281 1324 lraud
1304 1263 1374 1344 apte

147 1361 233 1425 enim
256 1379 449 1425 versaremur
469 1361 502 1424 in
525 1361 716 1442 explieandis
739 1362 787 1424 his
811 1361 983 1439 vocabulis,
1006 1361 1032 1426 si
1054 1381 1204 1446 paganos,
1232 1364 1375 1446 quamvis

146 1462 206 1545 ipsi
221 1481 256 1527 en
269 1481 325 1528 suo
340 1481 468 1529 numero
492 1464 745 1546 opulentissimos
766 1465 943 1548 elegissent,
967 1481 1072 1528 eorum
1089 1467 1216 1531 nomina
1231 1467 1271 1532 ad
1286 1485 1374 1532 sena·

143 1564 247 1648 tum⁹)
279 1569 311 1632 et
333 1569 490 1634 senatores
517 1569 643 1632 demum
672 1567 711 1632 ad
739 1567 962 1650 magistratum
983 1567 1004 1632 i.
1029 1583 1054 1632 e.
1078 1569 1118 1634 ad
1140 1569 1372 1654 imperatorem)

142 1687 341 1735 senseramus
364 1670 532 1735 detulisset
556 1689 628 1736 nam
650 1689 732 1752 quae
753 1687 847 1736 eausa
869 1671 1036 1754 excogitari
1059 1673 1172 1756 potest,
1196 1691 1252 1737 eur
1275 1673 1376 1742 Athe·

144 1772 269 1838 ruienses
284 1773 367 1838 hano
389 1775 575 1856 impeditam
600 1773 699 1838 secuti
721 1773 788 1838 sint
808 1773 985 1840 rationem?
1008 1775 1128 1840 Deinde
1152 1793 1224 1841 oum
1247 1776 1376 1842 defensa

143 1875 271 1957 quidem
301 1876 359 1942 har
386 1877 530 1960 opinione
552 1893 706 1959 pagorum
728 1876 785 1941 illa
806 1877 968 1942 nominum
991 1877 1109 1943 delatio
1131 1895 1255 1943 summa
1276 1896 1374 1962 popu·

142 1978 243 2042 lisoiti
257 1979 399 2046 habenda
414 1981 504 2057 esset,
528 1999 628 2046 nonne
643 1979 758 2066 mirum
774 1979 942 2058 videretur,
966 1997 1020 2043 eur
1035 1982 1167 2062 scriptor
1185 1981 1374 2048 sententiam

142 2097 205 2145 non
228 2082 266 2146 in
285 2081 368 2148 huno
397 2083 499 2164 potius
532 2085 658 2148 modum
688 2081 925 2149 ooniormasset:
961 2084 1079 2151 notior
1107 2085 1168 2163 γὰρ
1198 2085 1270 2165 ὑμῖν
1299 2088 1374 2151 τοὺ(

141 2185 286 2264 δημόταε
308 2187 359 2252 καὶ
381 2188 457 2252 τούκ
479 2188 651 2266 torsissent
672 2189 855 2262 ἀπενεγκεῖν
877 2189 952 2252 roric
974 2189 1270 2266 upoercoicovuoris
1304 2191 1375 2256 Una
1420 2241 1421 2244 ,

137 2287 252 2372 igitur,
277 2293 378 2372 alque,
402 2291 481 2372 qnod
503 2289 645 2372 equidem
667 2307 857 2374 cognossem,
882 2307 954 2354 vers
976 2290 1053 2355 haeo
1074 2291 1173 2356 restat
1194 2293 1254 2360 loei
1276 2294 1373 2360 inter·

141 2483 350 2494 ...m-

248 2582 270 2646 ¹)
288 2579 328 2633 De
346 2578 473 2634 Boeolrlrii
493 2577 522 2647 [l.
541 2594 563 2633 e.
582 2579 597 2634 1
615 2595 641 2648 p.
659 2577 711 2632 690
728 2579 797 2649 sqq.]
821 2594 852 2633 ao
870 2577 1067 2634 Waehsmuthii
1085 2579 1209 2649 [Antion.
1226 2579 1274 2646 11²,
1293 2581 1328 2636 98
1346 2585 1374 2638 st

141 2665 206 2735 106]
231 2664 312 2718 huius
331 2664 381 2720 loei
400 2664 586 2734 explanatione
611 2664 683 2730 hand
710 2680 814 2719 neeesse
841 2663 958 2726 arbitror
983 2664 1070 2719 fusius
1097 2668 1226 2732 tractare,
1254 2667 1325 2736 quod
1343 2684 1375 2722 ea

140 2751 294 2815 refellitur,
312 2751 335 2804 si
353 2753 493 2805 uerborum
513 2751 599 2819 κὺπὲρ
617 2755 679 2805 τῶν
698 2751 848 2818 δημοτῶνιι
868 2749 1135 2820 interpretationem,
1159 2755 1375 2823 quamprofere·
1481 2775 1484 2785 ·

141 2837 215 2901 eam,
233 2836 288 2890 aros
306 2836 488 2906 amporam
510 2835 544 2892 ar.
561 2835 645 2888 esem
664 2818 808 2890 sunm.
827 2837 847 2890 r.
867 2853 889 2891 e.
907 2835 930 2903 1,
949 2836 1007 2901 ur,
1024 2837 1042 2891 e
1059 2839 1089 2891 oe
1104 2838 1175 2907 nipe.
1193 2839 1213 2892 r.
1232 2855 1253 2895 ε.
1271 2855 1298 2908 p.
1314 2841 1374 2897 aas.

142 2925 265 2994 Apparet
283 2923 370 2992 igitur
380 2935 468 2978 voees:
487 2925 519 2977 ἐν
537 2927 666 2990 τριττοῖε
682 2922 781 2990 δῆμοι(
798 2937 862 2986 nen,
880 2925 911 2976 ot
922 2922 1071 2980 Boeokhiss
1089 2927 1177 2992 putat,
1196 2926 1265 2990 verti
1282 2941 1375 2994 posse:

147 3025 214 3064 „uon
232 3008 291 3064 drei
308 3007 425 3065 Demeas
444 3007 493 3064 sed
510 3007 554 3062 ein
572 3009 630 3068 drei
643 3009 762 3072 Gerena
779 3023 873 3076 nempe
890 3011 1034 3076 senatores,
1052 3025 1112 3066 oum
1131 3025 1176 3078 per
1194 3026 1280 3080 pagos
1296 3011 1374 3068 ditis-

147 3095 226 3148 simos
242 3110 360 3164 quosque
378 3097 525 3158 notarunt,
549 3093 684 3148 intritus
703 3094 779 3162 pagis
798 3093 951 3148 detulerunt
968 3108 1065 3145 nornen
1084 3093 1254 3160 Apollodori;
1279 3094 1374 3152 deinde

150 3177 230 3233 verba
246 3185 323 3235 eruto
341 3197 373 3234 τε
394 3181 527 3246 δημοτῶν
545 3181 591 3233 καὶ
609 3184 670 3234 τῶν
689 3178 932 3245 ἐγκεκτημένωνν,
960 3193 1027 3245 non,
1054 3182 1085 3232 ut
1102 3177 1251 3234 Boeelrhius
1269 3179 1329 3234 vult
1346 3184 1374 3235 et

145 3265 321 3320 Huellmanus
340 3265 370 3335 [l.
383 3280 405 3322 e.
421 3281 446 3334 p.
460 3265 519 3334 60],
538 3265 681 3334 genetiros,
701 3265 749 3333 qui
766 3264 901 3329 dieantur,
920 3263 1125 3332 eomparatiros,
1144 3265 1190 3318 sed
1207 3281 1269 3320 enm
1280 3265 1373 3334 Lipsio

141 3353 284 3422 genetivus
309 3351 457 3420 partitiros
481 3350 626 3420 intellego,
651 3351 728 3420 quta,
755 3349 940 3410 siBoeelrlrii'
956 3350 1176 3418 ampleeterearur
1201 3353 1372 3419 sententiam,

140 3441 322 3492 tradendorum
340 3437 449 3491 illoram
467 3451 514 3505 pro
532 3437 589 3490 suis
606 3437 708 3505 suique,
718 3437 833 3506 mauis
850 3436 978 3506 paeoniae
992 3437 1166 3494 cunimundus
1182 3437 1266 3496 fuisse
1283 3439 1374 3498 emou-

141 3539 277 3579 maremue
290 3521 443 3592 oportebat3
462 3536 582 3590 quaeres
594 3523 704 3577 minime
722 3522 836 3591 adridet,
855 3539 916 3576 enm
933 3523 1003 3577 haue
1020 3522 1162 3593 liturgiam
1174 3538 1221 3591 pro
1234 3523 1372 3581 fatumi-

140 3611 192 3666 bus
211 3609 330 3680 singulis
349 3609 508 3677 imperatam
527 3624 585 3663 esse
601 3612 701 3677 pateat,
720 3610 770 3664 illa
787 3625 849 3664 vero
866 3611 969 3664 ratione
986 3609 1101 3678 proheta
1115 3611 1174 3666 lieri
1191 3613 1323 3681 potuerit,
1342 3615 1373 3666 ut

141 3697 284 3766 periniquo
296 3694 347 3748 hoo
356 3709 456 3748 munus
467 3694 496 3748 iu
508 3697 642 3749 trecentos
659 3695 857 3764 dispertiretur.

248 3785 269 3847 ²)
279 3779 346 3834 ΙΗοο
372 3781 513 3834 nominum
542 3780 744 3836 deferendorum
774 3783 853 3836 modo
871 3781 1049 3836 Athenienses
1078 3797 1140 3836 usos
1167 3797 1225 3836 esse
1251 3785 1319 3851 puto
1344 3784 1372 3838 in

143 3867 302 3922 hominibus
328 3867 469 3930 notandis,
494 3868 542 3938 qui
560 3871 706 3923 nanterum
731 3867 891 3922 ministeriis
917 3867 1109 3936 fungerentnr3
1135 3867 1256 3924 ponderas
1277 3883 1373 3936 puoso

138 3953 216 4007 Dem.
235 3953 266 4019 L,
285 3952 313 4005 7:
333 3954 385 4007 odor
403 3955 492 4021 ἦλθον
511 3953 537 4007 ol
555 3958 659 4008 odoror
676 3953 703 4007 ol
721 3955 928 4021 καταλεγέντετ
945 3955 1002 4008 ὑπὸ
1019 3958 1080 4008 τῶν
1099 3955 1236 4020 δημοτῶν
1253 3955 1282 4008 et
1298 3955 1323 4022 ξ.
1342 3954 1372 4008 62

139 4040 318 4107 ἑψηφίεαεθε
331 4069 365 4080 -
376 4041 444 4095 τοδε
458 4041 611 4106 βουλευτὰε
627 4042 674 4096 καὶ
691 4042 760 4096 ποὺ(
778 4040 941 4109 δημάρχους
959 4040 1138 4106 καταλόγου(
1156 4042 1293 4094 deterreor
1311 4045 1372 4095 τῶν

139 4129 278 4194 δημοτῶν
303 4125 350 4179 καὶ
373 4125 530 4194 ἀποφέρεὶν
547 4127 670 4192 ναύτατγ
697 4141 765 4194 qnae
782 4124 864 4179 uerba
881 4127 904 4180 ai
921 4141 982 4180 oum
999 4125 1056 4180 loeo
1074 4125 1266 4193 composueris,
1294 4141 1371 4194 quem

140 4227 221 4281 supra
238 4211 371 4279 traotari,
397 4211 510 4268 minimo
526 4212 646 4267 arbitror
662 4211 732 4277 lore,
760 4213 792 4266 ut
808 4213 837 4265 to
853 4211 952 4276 lateat,
980 4213 1112 4281 qnantum
1128 4208 1194 4265 haee
1211 4209 1314 4278 illaque
1330 4225 1372 4266 ree

144 4297 297 4367 discrepent
314 4297 388 4352 inter
404 4313 440 4352 se.

247 4383 462 4453 ³)lmperatores
489 4383 562 4437 eninr
588 4381 694 4439 tributo
716 4384 744 4437 in
770 4382 890 4451 singulos
916 4382 988 4438 eires
1014 4381 1198 4440 distribuendo
1224 4381 1372 4451 praefuisse

143 4484 168 4537 p.
186 4469 222 4524 49
240 4485 267 4522 n.
286 4469 304 4523 2
320 4468 375 4522 ianr
392 4468 605 4524 oommemoraui.
