3142 5052
760 993 881 1104 Pars
920 993 980 1104 Il.

468 1227 522 1309 lle
546 1227 686 1310 civium
713 1226 1000 1340 Atheniensium
1027 1229 1274 1312 immunitate.

1550 1313 1551 1352 l

359 1483 436 1548 Cum
451 1484 485 1549 in
501 1485 550 1563 iis,
574 1503 651 1568 quac
673 1487 871 1564 antecedunt,
896 1487 932 1550 ut
946 1467 1148 1568 fieripotuits
1167 1488 1333 1570 explanare
1351 1489 1478 1552 studue-

256 1588 370 1664 rimus,
402 1607 479 1670 quae
503 1588 635 1654 luissent
658 1589 895 1654 Atheniensium
919 1607 1048 1653 munera
1070 1606 1208 1670 quaeque
1224 1607 1337 1654 eorum
1361 1591 1476 1665 natura,

257 1691 333 1756 haec
352 1691 416 1756 iam
438 1693 676 1758 fundamentum
699 1689 788 1774 quasi
811 1691 899 1756 uobis
923 1692 1002 1770 sint,
1033 1695 1069 1756 ut
1092 1677 1264 1758 accuratius
1288 1695 1477 1775 exponentes,

257 1793 369 1877 quibus
399 1777 628 1860 condicionibus
651 1799 683 1860 et
705 1813 766 1878 qua
788 1795 906 1858 ratione
928 1795 1061 1860 Athenis
1090 1793 1211 1861 civibus
1234 1795 1419 1862 immunitas
1441 1793 1479 1858 sit

257 1915 413 1975 concessa,
445 1898 568 1981 penitus
591 1898 813 1980 perspiciamus
836 1897 942 1980 legum
966 1916 1087 1976 causas,
1122 1916 1199 1980 quae
1223 1900 1259 1962 de
1281 1881 1478 1961 immunitate

259 2000 453 2084 singulorum
475 2019 638 2065 munerum
663 2001 783 2066 ciuibus
811 1999 977 2065 tribuenda
999 2000 1161 2078 valebant,
1191 2001 1223 2064 et
1245 1999 1481 2080 uniuscuiusque

257 2105 466 2170 immunitatis
489 2104 641 2178 rabonem
664 2105 754 2187 plane
776 2121 1005 2189 cognoscamus.

358 2209 391 2289 o)
416 2205 557 2271 Primum
584 2226 670 2287 vero,
704 2224 774 2271 cum
802 2225 925 2271 necesse
947 2204 990 2270 sit
1011 2205 1167 2287 intellegi,
1202 2205 1275 2286 quid
1299 2205 1405 2270 valeat
1427 2222 1479 2268 vor
1554 2228 1555 2314 (

258 2309 407 2386 ἀτελείας,
429 2309 462 2376 in
481 2310 621 2374 vocabuli
643 2312 753 2375 τέλους
775 2310 934 2376 notionem
956 2307 1111 2390 inquirere
1133 2308 1287 2372 debemus
1312 2309 1381 2373 Hoc
1403 2307 1478 2372 enlm
1554 2317 1555 2332 ¹

257 2411 351 2478 verbo
378 2430 439 2476 non
467 2414 568 2478 solum
597 2412 761 2496 uectigalia
784 2413 833 2477 vel
862 2411 981 2477 tributa
1008 2410 1062 2475 sed
1084 2409 1147 2474 alie
1169 2427 1288 2493 quoque
1316 2408 1478 2494 significari

257 2532 397 2596 munera,
436 2534 513 2597 quae
551 2515 672 2580 civitati
708 2517 894 2598 praestanda
931 2517 1034 2592 erant,
1075 2512 1321 2578 luculentissime
1358 2514 1476 2578 demon·

257 2618 373 2682 stratur
406 2618 487 2696 loco,
526 2618 579 2700 qui
613 2618 713 2683 exstat
744 2617 880 2682 Behkeri
903 2617 1053 2682 Anecdot.
1084 2617 1155 2694 398,
1180 2617 1198 2680 Ι
1222 2636 1303 2699 sqq.:
1338 2620 1411 2696 τέλη
1444 2619 1478 2681 οὐ

258 2720 357 2798 μόνον
385 2720 424 2783 τὰ
452 2723 518 2784 τοῖς
549 2722 698 2786 τελώναις
731 2722 1002 2801 καταβαλλόμενα,
1037 2720 1133 2784 ἀλλὰ
1167 2721 1227 2784 καὶ
1260 2721 1305 2784 τὰ
1340 2719 1479 2785 ἀναλώ-

258 2843 356 2902 ματα
383 2824 444 2887 καὶ
475 2823 536 2887 ἐπὶ
564 2823 833 2910 ἀπηρτιςμένῳ
860 2824 1056 2903 πράγματι
1077 2824 1096 2902 ἢ
1120 2823 1219 2907 ἔργῳ
1241 2824 1260 2902 ἢ
1284 2819 1477 2906 πολέμῳΙ).

256 2925 365 3006 Itaque
388 2942 447 2990 non
470 2925 626 2990 tributum
649 2927 775 2992 tautum
796 2947 832 2992 ex
855 2945 948 2991 censu
971 2926 1129 2992 conlatum
1155 2925 1342 3008 (Hesychius
1363 2927 1384 2990 Ε
1402 2923 1478 2988 1197

258 3028 314 3111 [=
331 3026 415 3093 Suid.
439 3029 464 3106 I,
480 3028 510 3106 2,
536 3028 606 3106 795,
625 3029 689 3112 16],
713 3029 844 3094 Behher.
868 3028 1017 3093 Anecdot.
1041 3025 1186 3109 243,13)
1212 3045 1247 3092 ac
1271 3028 1427 3093 tributum
1448 3025 1478 3089 in

259 3131 384 3217 singula
410 3132 632 3215 inquilmorum
655 3133 759 3216 capita
780 3134 915 3199 divisum
941 3133 1129 3217 (Hesychius
1152 3133 1183 3196 Μ
1209 3131 1304 3213 1104)
1331 3136 1362 3198 et
1384 3129 1479 3195 socio·

258 3256 329 3301 rum
359 3237 513 3302 tributum
539 3235 653 3319 (Schol.
678 3236 818 3320 Thucyd.
841 3236 879 3313 V,
905 3236 955 3312 18,
978 3234 1011 3318 5)
1022 3233 1046 3318 ⁹)
1076 3237 1166 3301 τέλος
1197 3235 1355 3318 appellent
1384 3231 1477 3313 scrip·

258 3343 342 3403 tores
365 3339 532 3422 eodemque
555 3339 648 3405 verbo
670 3339 842 3423 portorium
868 3338 974 3420 (Plato
996 3339 1057 3422 leg.
1082 3337 1170 3416 VIII,
1196 3338 1258 3403 847
1275 3337 1324 3422 Β,
1352 3335 1478 3402 Aristot.

259 3439 371 3507 Oecon.
394 3442 442 3524 ΙΙ,
466 3443 496 3527 2,
512 3445 551 3508 21
576 3470 616 3500 =
643 3442 726 3508 1350
741 3463 762 3506 α
784 3443 805 3508 6
827 3443 906 3524 sqq.)
919 3441 943 3524 ³)
968 3445 999 3506 et
1021 3441 1175 3526 vectigal,
1207 3441 1287 3523 quod
1315 3457 1370 3524 pro
1393 3439 1479 3503 rebus

257 3545 463 3611 veneuntibus
498 3545 679 3630 exigebatur
712 3545 950 3629 (Aristophanes
981 3545 1116 3610 Acheru.
1149 3545 1227 3624 896,
1265 3544 1355 3609 Plato
1385 3541 1421 3605 de
1448 3556 1478 3601 re

257 3649 342 3730 publ.
364 3649 406 3726 ΙΙ,
427 3649 491 3715 425
503 3647 550 3731 D)
558 3647 597 3731 ⁴),
621 3649 737 3728 dicunt,
761 3649 815 3713 sed
832 3649 871 3714 ad
889 3647 1046 3731 quaelibet
1068 3666 1196 3716 rnunerc
1217 3646 1343 3732 publica
1365 3641 1479 3728 signifi·

258 3751 357 3817 cauda
384 3753 461 3817 haec
483 3771 539 3818 uox
561 3751 726 3818 adhibetur
748 3771 773 3816 e.
797 3769 843 3834 gr.
866 3752 955 3818 Dem.
979 3751 1048 3830 XX,
1072 3751 1128 3818 29:
1160 3751 1212 3818 διὰ
1240 3751 1278 3815 τὸ
1307 3748 1479 3828 γεγράφθαι

361 3962 381 4023 ¹)
396 3957 437 4013 CI.
461 3955 586 4010 Eustoth.
612 3955 672 4022 881,
689 3955 724 4009 26
751 3956 802 4024 (ed.
826 3954 925 4024 Rom).
956 3954 1106 4024 AngustIor
1133 3953 1208 4008 verbi
1234 3953 1309 4007 notio
1336 3949 1478 4020 explicatur

257 4043 359 4098 Polluc.
378 4043 458 4105 VIII,
478 4041 542 4107 1323
569 4040 683 4112 Hesych.
703 4042 726 4094 Τ
743 4041 807 4105 444;
834 4041 960 4095 Eustath.
989 4040 1065 4107 1246,
1082 4039 1124 4095 44.
1155 4039 1193 4092 De
1219 4042 1332 4107 utruque
1357 4035 1427 4091 vocis
1451 4029 1477 4083 vi

259 4128 409 4184 Boeckhius
428 4127 549 4196 disputat
567 4128 586 4180 l.
604 4143 626 4181 c.
643 4127 658 4179 I
675 4143 701 4196 p.
720 4127 770 4181 651
789 4143 815 4180 n.
834 4125 860 4193 ct,
879 4143 906 4196 p.
923 4126 983 4192 409,
1000 4125 1059 4180 413.

363 4217 383 4279 ²)
402 4214 442 4270 ef.
461 4215 548 4270 Schol.
568 4214 640 4269 Plct.
659 4215 711 4284 leg.
729 4212 806 4280 VIII,
824 4213 876 4268 850
888 4213 922 4266 A.

363 4301 381 4367 ³)
402 4301 443 4357 Cf.
462 4301 584 4356 Straton.
603 4299 691 4366 XVII,
710 4300 773 4365 798,
801 4314 827 4367 p.
847 4299 923 4363 1113,
941 4298 975 4352 22
990 4301 1055 4367 sqq.
1079 4297 1130 4366 (ed.
1148 4296 1287 4365 Mueck),
1317 4285 1477 4366 grammatic·

260 4402 280 4439 s.
300 4402 325 4442 τ.
345 4387 508 4452 ἐλλιμένιον.

366 4474 385 4536 ⁴)
404 4473 443 4528 cf.
463 4471 630 4542 grammatic.
650 4487 670 4530 s.
689 4487 714 4524 v.
732 4472 847 4525 ἐπώνια.
