3232 5044
674 253 882 320 ..45-

161 463 212 510 sus
228 443 350 528 partem
374 443 513 507 uniuersi
527 443 733 508 Athenienses
756 443 986 528 pependissent,
1010 445 1164 510 neminem
1180 445 1262 509 certe
1277 443 1392 527 fugiet:

161 566 235 612 nem
265 545 339 628 quid
368 547 520 610 voluisset
542 547 580 610 ed
604 549 864 629 eognosoendum,
896 549 1046 629 quantem
1076 553 1204 629 quisque
1230 547 1393 630 peeunium

160 651 313 716 eonferret
328 687 368 697 -
384 651 466 731 quod
488 667 593 714 omues
617 652 808 731 compertum
823 651 966 716 hahuisse
983 651 1206 716 Demosthenes
1222 651 1324 716 verbis
1343 652 1392 715 in-

90 809 93 814 ,
161 754 261 818 dieat:
285 752 350 816 ἀλλ’
373 751 442 816 οὔτ’
458 751 497 815 ἂν
515 753 699 831 ἀνάεχοιεθε
717 789 757 799 -
774 752 849 834 quid
872 753 910 818 ud
933 754 1095 819 honorem
1111 753 1286 819 rettulisset
1308 771 1392 820 oom-

64 923 66 926 .
163 857 284 939 putere,
318 858 411 938 quote
434 873 505 936 pers
528 871 636 919 census
659 855 757 920 totius
781 855 919 920 eivitetis
952 855 1134 940 exigeretur.
1179 855 1298 921 Deinde
1320 875 1391 922 eum

162 957 362 1023 statuendum
384 957 427 1021 sit
449 956 690 1022 Demosthenem
713 957 829 1036 eodem,
853 958 906 1040 qui
930 959 1062 1024 Athenis
1085 958 1118 1022 in
1141 977 1232 1024 usum
1255 961 1390 1038 venerat,

161 1061 275 1126 tributi
304 1059 470 1126 deliniendi
499 1061 590 1125 modo
612 1077 703 1125 usum
726 1077 808 1138 esse,
840 1080 875 1126 ex
897 1061 955 1126 heo
975 1062 1097 1126 retione
1120 1062 1215 1128 etium
1237 1061 1392 1126 refutetur

160 1163 311 1230 Rodberti
323 1151 482 1227 iudieium.v
500 1161 583 1240 Quee
595 1181 642 1228 res
654 1164 691 1227 ut
702 1163 802 1248 magis
814 1163 1011 1245 inlustretur,
1028 1165 1167 1230 tutulum
1180 1163 1391 1248 adscripturus

164 1285 245 1344 sum,
270 1285 330 1347 que
340 1265 514 1330 Rodbertus
530 1266 693 1348 explanare
708 1267 819 1344 voluit,
842 1285 932 1350 quem
949 1268 1129 1334 admodum
1145 1269 1209 1344 lere
1222 1265 1391 1333 Nensinieo

165 1369 344 1434 archontet
277 1368 484 1433 ttributum
507 1369 639 1450 imperet
640 1385 693 1432 um
716 1370 755 1434 ad
778 1370 913 1435 eeloulos
936 1375 1082 1436 rooetum
1106 1374 1201 1436 esset:

164 1575 300 1629 Numeri
329 1574 496 1642 singularum
523 1538 692 1909 -
170 1553 1382 1775 Qmmaefl
1380 1640 1382 1677 5

164 1704 165 1709 ,
278 1660 412 1714 eleusium.

181 1825 328 1879 Hominum
368 1840 501 1886 numerus,

181 1911 499 1981 quiinunequequeeles-

196 2013 223 2051 se
241 1997 386 2066 conscripti
405 1999 488 2051 erent.

163 2242 165 2255 Ι
180 2169 297 2224 Plurimi
340 2169 500 2240 minimique

164 2264 165 2275 ¹
181 2255 283 2310 reditus
292 2255 440 2322 hominum,
452 2257 499 2324 qui

181 2341 300 2394 eiusdem
310 2343 387 2394 erant
397 2341 497 2396 olessis.
552 2305 641 2359 mim
716 2304 806 2359 mim
880 2306 970 2360 mim
1042 2311 1132 2364 minue

875 2631 979 2687 talentu
1036 2636 1142 2690 talenta
1212 2634 1345 2687 talenta

181 2875 498 2930 Pareredituuminee·
533 2874 664 2940 Quinte
693 2874 830 2928 Decime
878 2873 972 2928 Vioe-
1029 2878 1147 2934 cente.

202 2960 482 3015 reriumoonferende.
562 2975 639 3028 pers
725 2975 803 3028 pere
883 2959 966 3012 sime
1046 2965 1130 3019 sima

186 3149 292 3205 Summe
318 3149 500 3220 pecuniarum,
582 3192 616 3245 60
737 3191 787 3246 120
901 3191 950 3244 125
1069 3192 1105 3246 20

183 3235 500 3391 ξιῖᾙὶἑῖξὲἔῗθὲἰῖ
548 3277 653 3331 talento
711 3278 816 3332 telente
874 3276 977 3330 talenta
1036 3277 1140 3332 talentu
1207 3277 1342 3332 talento

262 3543 379 3624 Quodsi
402 3560 479 3620 eum,
503 3559 595 3622 quem
617 3541 674 3605 heo
696 3539 804 3604 tabule
826 3538 932 3603 doouit
953 3538 1137 3616 Rodbertus,
1160 3539 1272 3607 tributi
1294 3561 1387 3626 repu-

159 3645 251 3712 tundi
274 3643 428 3711 rationem
451 3643 564 3708 initam
588 3661 655 3708 esse
683 3642 841 3724 adfirmes,
876 3642 1099 3726 Athenienses,
1134 3662 1205 3710 oum
1228 3645 1291 3711 elie
1313 3645 1386 3710 eliis

158 3748 354 3832 temporibus
376 3747 495 3812 tribute
517 3746 703 3830 imponenda
725 3750 846 3823 essent,
879 3747 912 3811 iu
934 3745 1107 3812 delinienda
1129 3747 1242 3814 tributi
1264 3765 1388 3813 summe

159 3871 223 3918 non
244 3851 303 3916 ille
324 3869 377 3916 sex
406 3851 494 3916 milie
520 3849 726 3927 talentorum,
761 3867 917 3914 summam
952 3868 1061 3916 oeneus
1084 3854 1213 3916 eunome
1241 3850 1385 3925 divitatis,

158 3955 214 4020 sed
237 3956 377 4019 trecente
400 3954 514 4037 viginti
538 3953 674 4036 quinque
696 3952 818 4017 talento
841 3954 1045 4037 respexerint,
1073 3971 1227 4018 summurn
1250 3951 1387 4018 tributo·

156 4069 239 4137 rum,
264 4076 342 4140 quiue
366 4057 473 4122 effecte
496 4058 547 4134 sit,
571 4056 599 4120 si
621 4056 722 4120 totam
738 4056 891 4140 quintum,
916 4056 1078 4140 dedimam,
1103 4055 1292 4134 vicesimam,
1317 4074 1387 4121 een·

156 4161 303 4226 tesimem
319 4160 474 4226 redituum
489 4163 610 4243 partem
627 4157 762 4242 singulis
779 4159 927 4226 elassibus
944 4158 1143 4238 iniunxerint,
1166 4175 1265 4239 neque
1280 4158 1386 4223 oente-

158 4265 282 4339 simam,
306 4262 604 4346 quinquagesimum,
628 4261 840 4328 duodecimum
859 4279 969 4328 oeneus
985 4261 1200 4328 universorum
1215 4261 1387 4341 hominum,

157 4369 212 4432 sed
234 4385 259 4432 e.
282 4385 328 4450 gr.
352 4365 484 4446 simplex
505 4366 670 4444 tributum,
699 4363 863 4430 dimidium
885 4365 1007 4445 tributi,
1031 4364 1158 4431 tertiam
1181 4363 1293 4431 tributi
1314 4382 1387 4448 per·

157 4471 223 4535 tem
245 4468 382 4535 dixerint
404 4468 587 4553 exigendam
610 4486 685 4534 esse.
709 4465 778 4533 Uno
800 4465 883 4532 euim
907 4468 964 4534 hoe
985 4469 1086 4548 modo,
1109 4467 1136 4532 si
1151 4467 1254 4534 uerius
1277 4485 1388 4534 oeneus
