3232 5044
740 259 946 322 ,44-

225 445 380 528 singulae.
398 444 676 528 pensitarentur¹);
702 466 774 512 uam
798 449 939 529 quamvis
962 447 1131 529 simplicior
1153 449 1280 514 exsistat
1297 451 1459 516 verborum

228 549 416 619 consecutio,
439 549 466 613 si
489 542 676 615 sententias:
704 552 944 616 enevreroibsno
966 552 1138 628 ταλάντων,
1151 553 1211 630 γὰρ
1234 555 1306 632 τρία
1321 555 1459 620 τάλαντα

230 653 358 732 τίμημα·
382 653 499 730 ταύτην
527 654 636 731 ἠξίουν
664 652 819 732 εἰτφέρειν
846 655 904 732 τὴν
933 653 1104 735 nepotata
1140 671 1210 718 cum
1232 653 1337 737 lipsio
1364 657 1460 720 inter·

212 756 406 835 ,pretamurz
433 754 626 836 nquindecim
650 754 839 820 talentorum
862 773 968 821 census
987 759 1035 822 est
1050 757 1113 821 tria
1127 757 1259 833 talenta;
1282 758 1366 825 huno
1387 777 1458 822 cen-

229 876 298 922 sum
322 857 460 940 profiteri
482 857 600 923 iustum
616 857 800 936 duxerunt«,
825 875 916 940 quam
933 857 960 922 si
974 859 1123 932 Rcdberti
1139 859 1377 942 explicationem
1391 878 1457 926 am·

228 960 409 1042 plectimur:
436 960 633 1042 nquindecim
655 961 848 1026 talentorum
870 979 978 1026 census
997 963 1046 1026 ost
1061 961 1122 1026 triu
1137 961 1271 1046 talenta3
1294 962 1352 1028 hoe
1376 962 1407 1048 [i.
1432 983 1457 1028 e.

229 1062 310 1144 quod
332 1081 367 1130 ex
390 1081 512 1128 summa
546 1063 650 1128 delata
682 1065 940 1146 consequebatur]
964 1064 1120 1129 tributum
1151 1065 1308 1146 pensitare
1338 1068 1456 1132 iustum

231 1165 414 1246 duxerunt«,
439 1168 544 1230 tamen
567 1165 648 1230 hanc
671 1165 891 1231 difficultatem
913 1165 1042 1232 minime
1057 1168 1179 1232 tantam
1195 1169 1349 1244 existimo,
1371 1169 1457 1234 cuius

228 1287 321 1334 causa
335 1269 484 1334 Rodberti
507 1268 755 1350 explanationem
777 1269 900 1334 omnino
916 1270 990 1334 ferri
1005 1271 1131 1353 nequire
1153 1271 1330 1336 adseverem
1338 1269 1380 1350 Ω);
1403 1271 1457 1338 sed

222 1372 308 1436 aliae
332 1373 405 1437 sunt
427 1371 653 1448 dubitationes,
677 1373 789 1455 quibus
811 1373 959 1448 adducar,
985 1373 1021 1438 ut
1041 1373 1214 1456 improbem
1235 1374 1326 1440 huius
1349 1391 1455 1456 gram-

228 1474 337 1539 matici
360 1473 518 1541 iudicium.
1359 1524 1362 1530 -

330 1578 471 1645 Primum
494 1579 579 1644 euim
602 1579 720 1662 siquis
743 1579 909 1646 defendens
932 1580 1022 1647 illam
1037 1569 1188 1647 Rodberti
1211 1581 1385 1665 opinionem
1408 1581 1454 1646 di·

228 1699 332 1746 versas
364 1685 397 1748 in
432 1702 614 1766 unaquaque
649 1683 748 1750 classe
775 1683 820 1748 rei
849 1684 1015 1750 familiaris
1043 1685 1148 1768 partos
1177 1684 1454 1767 amagistratibus

228 1787 350 1850 notatas
368 1805 447 1850 ’esse
480 1785 636 1868 opinetur,
671 1805 724 1852 cur
746 1805 785 1853 ne
804 1788 926 1857 tributo
959 1787 1084 1870 quidem
1117 1788 1227 1854 harum
1260 1806 1455 1870 summarum

140 1930 143 1939 ·
229 1888 352 1952 eaedem
367 1890 399 1952 in
415 1888 547 1972 siugulis
570 1889 720 1956 classibus
744 1891 860 1956 fuerint
882 1895 984 1973 partes
1008 1909 1070 1956 non
1092 1891 1248 1974 appareat.
1273 1890 1327 1958 Sin
1346 1891 1457 1957 iisdem

227 1991 368 2057 omnium
390 1992 577 2059 facultatum
594 1994 735 2076 partibus
751 1995 906 2060 tributum
921 1994 1104 2078 impositum
1121 2013 1186 2060 esse
1202 1995 1328 2074 iudices,
1353 1995 1454 2074 verba,

227 2117 303 2181 quae
326 2099 413 2163 llam.
430 2097 514 2175 XIV,
531 2097 572 2161 27
594 2098 696 2180 posita
718 2099 793 2164 sunt
814 2098 1009 2180 tractataque
1032 2117 1060 2180 p.
1077 2098 1118 2163 36
1142 2117 1197 2180 sq,
1222 2117 1284 2164 uon
1307 2098 1455 2182 habeant,

228 2221 288 2285 quo
314 2202 522 2286 expediantur.

292 2299 294 2304 ’
330 2304 552 2371 Demosthenes
576 2304 676 2380 enim,
703 2305 731 2368 si
754 2307 937 2384 centesima,
960 2304 1011 2369 vel
1034 2305 1287 2388 quinquagesima
1309 2304 1359 2370 vel
1380 2305 1456 2384 duo·

225 2407 347 2473 decima
376 2427 485 2473 census
516 2407 644 2473 cunctae
674 2407 813 2474 civitatis
849 2408 919 2492 [τοῦ
954 2410 1123 2490 τιμήματα(
1157 2413 1214 2476 τοῦ
1249 2412 1304 2487 τῆς
1336 2406 1454 2489 χώρας]

225 2512 381 2596 exigatur,
405 2511 533 2578 minime
555 2509 767 2592 suppetituras
790 2527 856 2576 esse
879 2511 1038 2593 pecunias,
1063 2511 1174 2594 quibus
1197 2512 1272 2576 belli
1295 2511 1455 2593 impensae

226 2614 373 2679 sustineri
407 2613 540 2696 possint,
579 2631 702 2697 neque
732 2612 995 2680 Athenienses
1028 2631 1212 2697 passuros
1249 2633 1331 2678 esse
1365 2613 1454 2679 duo-

227 2718 414 2783 decimam
449 2718 546 2799 ipsis
580 2717 770 2799 imperari
803 2718 957 2783 adfirmat.
993 2716 1156 2782 Oratorem
1186 2718 1264 2783 nihil
1294 2717 1454 2798 antiquius

227 2819 381 2898 habuisse,
399 2838 492 2901 quam
507 2819 543 2883 ut
558 2819 743 2884 sententiam
759 2821 804 2884 ita
819 2820 1033 2900 conformaret,
1057 2820 1102 2898 ut,
1126 2821 1179 2902 qui
1193 2838 1263 2884 eum
1279 2819 1454 2899 audiebant,

223 2941 330 2988 omnes
354 2921 657 3004 comprehenderent,
680 2941 774 3006 quam
789 2941 853 2988 rem
869 2940 1052 3005 unoquoque
1074 2923 1141 2988 loco
1157 2921 1326 3006 attigisset,
1351 2941 1404 3004 per
1421 2941 1453 2986 se

224 3026 327 3109 patet;
350 3025 492 3091 futurum
514 3027 619 3091 autem
641 3025 746 3105 fuisse,
770 3024 887 3114 ulline
910 3025 1073 3103 excideret,
1097 3027 1124 3091 si
1147 3043 1207 3090 non
1231 3027 1359 3092 candem
1383 3045 1454 3100 een·

329 3201 349 3262 ¹)
368 3197 446 3251 Nolis
464 3196 604 3266 neglegere
622 3195 690 3250 hauc
707 3196 793 3265 ipsam
812 3195 845 3250 ob
863 3211 982 3263 causam,
1007 3195 1077 3266 quod
1095 3195 1260 3262 Radbertus,
1278 3198 1379 3265 quanto
1399 3197 1454 3249 cui·

225 3298 275 3352 que
300 3281 352 3336 civi
375 3282 491 3336 minores
515 3281 630 3336 inissent
651 3281 767 3348 reditus,
792 3284 870 3336 tanto
888 3283 1017 3336 minorem
1035 3282 1131 3336 horum
1149 3283 1253 3350 partem
1271 3281 1370 3336 statutt
1395 3298 1455 3335 eum

227 3369 385 3432 contulisse,
413 3369 507 3422 contra
533 3367 612 3421 huius
636 3368 808 3437 grammatici
832 3367 982 3437 opinionem
1004 3366 1075 3422 obici
1098 3383 1151 3422 non
1173 3383 1263 3436 posse,
1290 3366 1376 3436 pluris
1394 3383 1455 3421 eum

225 3454 429 3508 Atheniensium
456 3453 559 3508 reditus
586 3456 783 3521 aestimavisse,
804 3449 908 3524 ‘quippe
933 3471 994 3509 cum
1016 3453 1088 3508 nihil
1111 3455 1267 3510 offensionis
1292 3453 1402 3518 habeat,
1431 3454 1454 3507 si

227 3541 409 3595 existimemus
427 3540 605 3596 Athenienses
632 3542 749 3598 voluisse
774 3542 877 3612 viginti
903 3541 1064 3598 facultatum
1092 3541 1249 3596 centesimas
1272 3540 1376 3594 reditus
1399 3556 1455 3594 esse

227 3626 327 3680 civium
344 3629 446 3697 primae
465 3628 569 3693 elassis3
588 3645 636 3683 nse
654 3631 753 3684 temere
765 3644 808 3682 me
821 3629 939 3683 iudicare
952 3645 982 3683 ex
994 3627 1081 3682 verbis
1100 3629 1218 3698 suspicor
1237 3627 1368 3694 consequi,
1388 3642 1454 3696 quae

223 3711 577 3781 ommutescere:
606 3717 666 3782 ἐμοὶ
685 3717 709 3768 δ’
728 3716 763 3768 ἐκ
789 3716 974 3783 τεττάρων
1002 3718 1060 3769 καὶ
1087 3715 1168 3770 δέκα
1195 3715 1388 3768 ταλάντων
1417 3714 1453 3766 ἐν

223 3799 306 3852 δέκα
325 3801 442 3854 deserv
460 3801 531 3869 stobe
549 3803 600 3854 τὸν
619 3802 724 3869 χρόνον
743 3818 775 3856 τε
792 3804 838 3855 καὶ
855 3803 910 3867 τὴν
929 3801 1038 3855 ἐκείνου
1058 3801 1190 3867 precoro
1208 3803 1331 3854 πλεῖον
1350 3801 1367 3866 ἢ
1388 3817 1454 3866 τρι-

222 3885 348 3942 aldene
375 3887 447 3940 κατὰ
466 3888 500 3940 τὸ
520 3887 594 3942 εἰκὸς
616 3891 795 3955 προτῆκον
821 3887 1000 3952 γενέίθαι,
1028 3893 1115 3941 τοῦτο
1134 3887 1178 3942 διὰ
1196 3886 1224 3940 τί
1242 3887 1295 3939 οὐκ
1313 3885 1452 3951 iacincto,

223 3973 343 4038 ἐρωτᾶτ’
362 3974 460 4027 αὐτόν.
480 3972 513 4028 ef.
532 3972 615 4027 etiam
632 3974 656 4041 g.
675 3973 721 4039 173
740 3975 765 4042 ς.
784 3973 826 4029 10.
1375 3961 1377 3966 ’

327 4060 346 4126 ²)
365 4058 464 4114 Contra
481 4074 520 4124 aa,
538 4075 606 4128 quae
623 4059 729 4128 Lipsius
747 4075 773 4130 p.
786 4060 837 4114 292
856 4059 1013 4130 disputavit,
1032 4062 1078 4129 qui
1096 4059 1226 4113 liodberti
1244 4058 1365 4126 opicuem
1383 4071 1453 4110 eom-

226 4142 337 4212 probare
354 4144 429 4211 velit,
448 4143 471 4198 is
488 4143 553 4198 haec
571 4145 656 4215 possit
675 4145 792 4200 obicere:
807 4146 1033 4216 ¹„Barnosthenem
1053 4161 1091 4211 eo,
1111 4145 1180 4216 quod
1199 4147 1234 4214 (ᾖ.
1253 4145 1280 4210 9)
1298 4143 1454 4198 testimonio

225 4229 389 4284 confirmarit
415 4229 469 4282 tria
492 4230 596 4284 talenta
613 4247 629 4284 a
646 4229 782 4286 tutoribus
810 4231 898 4285 delata
924 4231 1026 4285 reditus
1049 4231 1210 4286 facultatum
1233 4245 1334 4284 annuos
1359 4227 1451 4293 fuisse,

224 4401 355 4470 seriptum
372 4417 430 4456 esse
447 4401 518 4457 inter
536 4403 606 4456 cives
624 4403 727 4472 primae
746 4403 847 4470 classis,
867 4403 894 4456 in
908 4418 960 4472 qua
978 4419 1008 4456 ex
1024 4402 1130 4459 ratione
1147 4404 1203 4471 illa,
1222 4419 1302 4474 quam
1315 4404 1338 4472 ξ.
1354 4403 1454 4458 laom-

222 4490 358 4553 memcret‚
377 4487 484 4542 tributa
502 4489 562 4558 ipsa
580 4488 647 4544 solvi
666 4489 814 4544 debuerint.
888 4543 890 4550 Α
