3232 5044
693 283 885 348 ,3-

169 472 319 551 cendum,
359 475 432 555 quot
463 471 605 536 homines
637 472 671 535 in
702 473 824 553 argenti
856 470 970 538 fodinis
1004 490 1080 554 opus
1113 471 1215 538 iacere
1248 476 1398 556 possent?

168 575 282 643 Nonne
305 611 349 624 —
372 578 408 640 ut
429 575 576 641 eminam
605 591 710 640 servos
737 575 922 658 importatas
951 577 984 640 et
1004 575 1122 642 locatos
1130 575 1153 657 ¹)
1177 613 1222 624 -
1243 595 1281 642 er
1302 579 1397 644 variis

168 679 265 746 rebus
287 679 433 762 pependit
454 695 604 742 numerus
625 695 784 743 servornm
805 677 939 760 singulis
961 679 1052 744 annis
1074 679 1276 760 emptorum?
1298 699 1399 746 nonne

169 784 198 848 si
221 801 257 846 er
278 783 336 847 hoc
363 799 493 847 numero
514 779 636 846 efficere
657 780 840 860 voluerunt,
871 782 947 863 quot
968 783 1052 847 serui
1072 779 1107 844 in
1128 781 1268 848 metallis
1289 800 1399 866 argen-

170 884 259 950 tariis
280 885 403 968 operati
424 885 546 968 essent,
576 883 694 948 scirent
714 901 838 970 necesse
860 883 936 968 inii,
968 902 1048 966 quae
1068 884 1295 950 intercessisset
1317 887 1398 954 ratio

169 989 248 1052 inter
280 1005 448 1052 numerum
480 1003 642 1052 serrorum
675 986 817 1052 omnium
846 1004 1030 1070 unoquoque
1060 1005 1141 1053 anno
1170 990 1345 1065 emptorum
1366 995 1398 1056 et

167 1108 332 1156 nnmerum
354 1107 513 1156 servorum
535 1089 703 1172 quotannis
724 1089 765 1152 ad
781 1091 975 1172 argentarias
997 1091 1181 1156 exercendas
1204 1096 1398 1174 comparato-

166 1211 248 1272 rum,
271 1191 381 1258 deinde
400 1193 483 1258 inter
497 1192 591 1270 hunc,
614 1209 708 1274 quem
730 1193 901 1273 posteriore
923 1193 994 1258 loco
1014 1194 1263 1271 commemoravi,
1288 1211 1397 1258 nnme-

166 1314 239 1360 rum
261 1295 293 1360 et
315 1313 481 1360 numerum
508 1299 706 1376 cunctorum,
737 1295 792 1376 qni
814 1295 848 1360 in
870 1295 1008 1360 metallis
1030 1294 1097 1360 illis
1120 1313 1197 1378 opus
1220 1294 1398 1364 faciebant?

166 1398 233 1464 Nec
247 1399 311 1464 veri
326 1398 430 1463 simile
446 1402 502 1481 est,
525 1397 710 1481 scriptorem
730 1397 834 1464 verbis
859 1400 1106 1478 npnpropricernv
1129 1399 1169 1464 ἄν
1191 1421 1245 1479 μοι
1266 1399 1296 1466 εἴ
1316 1421 1398 1466 τινες

167 1501 211 1567 ἔτι
240 1501 296 1568 εἰςὶ
323 1505 391 1566 τῶν
421 1502 640 1581 μεμνημένων,
673 1499 750 1565 brou
779 1501 818 1565 τὸ
840 1502 933 1566 τέλος
965 1501 1104 1580 εὕριςιιεο
1129 1503 1335 1570 Athenienses
1357 1504 1397 1569 ad

166 1605 246 1670 hauc
266 1603 539 1670 ratiocinationem
561 1602 719 1670 inviusse.
753 1603 863 1670 Nonne
886 1603 999 1670 melius
1020 1603 1159 1680 iecisset,
1183 1605 1210 1670 si
1233 1607 1273 1670 ad
1294 1607 1397 1672 homi·

166 1725 236 1803 nes,
265 1709 319 1789 qui
341 1707 532 1791 argentarias
555 1706 772 1789 possidebant,
799 1708 883 1789 ipsos
905 1706 1136 1790 delegavisset?
1170 1708 1296 1776 Similes
1317 1713 1397 1776 ersi·

167 1813 251 1876 stant
282 1810 502 1888 difficultates,
531 1811 560 1875 si
580 1811 718 1894 primum
740 1829 777 1876 cx
798 1829 925 1876 numero
955 1829 1115 1877 seruorum
1144 1812 1275 1896 singulis
1308 1814 1397 1878 aunis

168 1913 345 1996 emptorum
359 1927 526 1979 nnmerum
539 1913 689 1992 omnium,
713 1913 766 1996 qui
781 1915 815 1978 iu
831 1913 941 1980 Attica
954 1913 1090 1994 fuerunt,
1113 1919 1295 1998 computare
1308 1918 1397 1996 uelis,

166 2016 276 2082 deinde
288 2035 326 2081 er
340 2017 398 2082 hoc
412 2034 541 2083 numero
557 2015 696 2098 definire,
713 2019 789 2098 quot
798 2017 831 2082 in
843 2018 1030 2102 argentariis
1044 2019 1165 2100 operati
1178 2017 1289 2100 εἰμι’).
1312 2018 1397 2100 Quae

166 2119 349 2185 offensiones
372 2119 498 2185 omnino
519 2119 685 2199 tollmtnr,
708 2119 736 2185 si
750 2120 919 2186 statuimus
937 2121 1083 2204 psannios
1098 2119 1170 2186 illas
1186 2121 1226 2186 ad
1242 2120 1397 2186 tributum

165 2223 368 2306 pertinuisse,
403 2223 484 2306 quod
513 2241 569 2306 pro
600 2225 699 2289 serris
729 2223 847 2291 domini
868 2226 913 2289 rei
935 2223 1080 2307 publicae
1111 2242 1294 2307 unoquoque
1316 2241 1396 2290 auno

165 2325 356 2407 pendebant:
390 2329 426 2390 ut
448 2327 533 2392 enim
554 2345 665 2410 neges,
700 2330 780 2410 quod
803 2327 883 2392 mihi
904 2326 1031 2409 quidem
1052 2327 1171 2411 placet,
1205 2330 1238 2396 in
1260 2328 1395 2412 publicis

165 2429 216 2494 vel
237 2427 474 2511 publicanorum
499 2429 617 2494 tabulis
639 2429 808 2512 separatim
830 2431 944 2496 relatos
967 2448 1034 2496 esse
1055 2448 1159 2496 seruos
1181 2433 1216 2496 in
1239 2430 1394 2507 domibus,

165 2532 265 2614 agris,
290 2531 433 2613 officinis,
456 2533 595 2598 metallis
617 2535 790 2615 operantes,
814 2537 898 2599 certe
920 2553 937 2600 e
960 2534 1049 2616 copia
1070 2535 1212 2599 omnium
1237 2552 1396 2600 servornm

164 2633 256 2700 facile
279 2635 388 2718 colligi
410 2637 514 2718 potnit
536 2656 685 2702 numeras
708 2653 823 2717 eorum,
852 2638 906 2720 qni
927 2639 960 2703 in
981 2637 1118 2703 metallis
1142 2637 1240 2702 erant.

268 2739 354 2819 Quae
375 2740 438 2805 ism
452 2743 527 2805 sunt
542 2742 683 2820 disserte,
707 2740 746 2806 iis
761 2741 844 2806 haud
867 2741 1031 2824 paululum
1052 2741 1124 2807 fidei
1138 2741 1395 2824 Harpocrationis

164 2836 396 2922 loco-additur,
420 2862 528 2926 quem,
552 2847 588 2909 nt
610 2843 731 2909 facilius
753 2843 927 2928 intellegas,
951 2862 1028 2927 quae
1052 2847 1089 2910 de
1112 2863 1146 2910 eo
1168 2863 1270 2928 agam,
1293 2845 1396 2909 totum

166 2941 230 3009 fere
264 2945 474 3029 exscriptnrus
506 2966 592 3031 sum,
629 2946 706 3012 dicit
739 2947 825 3012 enim
859 2946 1083 3029 grammaticus
1115 2947 1189 3025 203,
1215 2947 1256 3012 14
1277 2963 1343 3029 sqq.
1351 2943 1395 3027 3);

170 3048 367 3113 ιιΜετοίκιον·
391 3049 575 3129 Ὑπερείδης
597 3051 633 3114 έν
652 3056 698 3132 τῷ
721 3049 787 3115 κατ’
809 3050 1046 3129 Ἀριςταγόρας·
1069 3051 1213 3127 μέτοικος
1235 3051 1292 3128 μέν
1315 3049 1395 3113 έςτιν

172 3215 370 3226 ——--—

270 3304 290 3366 ¹)
307 3301 368 3356 Non
386 3317 488 3366 omnes,
506 3301 553 3370 qui
570 3301 683 3354 metalla
700 3299 871 3366 exercebant,
892 3301 976 3354 servis
994 3301 1089 3354 locatis
1106 3316 1168 3354 nsos
1186 3316 1255 3364 esse,
1274 3300 1394 3368 seqnitur

165 3401 179 3439 e
195 3385 241 3449 IV,
262 3387 306 3442 16:
325 3393 370 3442 καλ
389 3389 444 3456 γάρ
462 3393 515 3442 νῦν
533 3381 657 3442 πολλοί
682 3387 748 3442 εἰςιν
766 3389 798 3441 ἐν
816 3393 878 3442 τοῖς
897 3386 1056 3456 ἀργυρείοις
1074 3389 1220 3456 ἅνθρωποι
1238 3391 1333 3443 οὕτως
1352 3390 1393 3442 ὲκ-

165 3474 319 3538 δεδομένοι.

268 3563 287 3624 a)
306 3560 412 3624 Nescio,
425 3560 490 3629 quid
502 3559 590 3614 verbis
602 3559 711 3627 facicm,
729 3576 795 3629 qnae
807 3559 960 3630 Zurborgus
973 3560 1038 3614 edit.
1051 3576 1076 3628 p.
1089 3559 1124 3614 30
1134 3562 1223 3630 ponit:
1245 3561 1294 3614 „ud
1313 3561 1393 3615 τέλος

163 3645 223 3698 τῶν
250 3645 442 3714 ἀνδραπόδων
468 3643 651 3713 intellegenda
678 3647 719 3699 est
746 3645 881 3714 ἀποφορὰ
908 3650 956 3699 aut
976 3646 1009 3700 ab
1028 3646 1094 3714 ipsis
1121 3647 1204 3700 seruis
1231 3648 1279 3700 aut
1297 3661 1313 3698 a
1330 3662 1392 3699 con-

161 3729 319 3784 ductoribus
337 3748 427 3786 eornm
445 3732 517 3786 heris
536 3733 679 3786 solvendae
694 3762 727 3772 -
745 3732 849 3800 Nequit
866 3733 939 3786 enim
958 3735 1076 3786 statuere
1093 3733 1204 3787 huiusce
1223 3725 1296 3787 modi
1314 3719 1392 3800 hecn-

162 3817 222 3870 niae
245 3819 376 3887 tempore,
404 3819 436 3872 de
454 3835 505 3888 qno
530 3819 636 3886 agitur,
664 3817 869 3872 Atheniensium
886 3820 926 3873 roi
943 3819 1065 3888 publices
1085 3819 1208 3886 rediisse,
1236 3833 1294 3872 cum
1313 3832 1392 3885 qnam

162 3900 356 3956 dilucidissime
374 3904 489 3973 scriptor
503 3902 616 3958 declaret
628 3919 765 3972 nunquam
777 3921 793 3958 a
805 3905 917 3958 civitate
929 3920 1017 3958 servos
1030 3920 1086 3958 esse
1098 3904 1248 3958 conlocatos
1261 3901 1317 3969 (IV,
1333 3902 1390 3968 m:

161 3988 378 4056 περαινομένων
395 4007 429 4056 γε
448 3993 502 4056 μὴν
522 3992 564 4044 ῶν
582 3992 657 4057 λέγω
677 3993 757 4044 τοῦτ’
781 3992 816 4045 ἂν
836 3992 925 4056 μδνον
943 3993 1040 4044 καινὸν
1059 3990 1185 4056 γένοιτο,
1210 3989 1235 4042 εἰ
1253 3989 1346 4058 ὥςπερ
1365 3989 1392 4044 οἱ

161 4073 273 4128 ἰδιῶται
291 4076 461 4142 κτηςάμενοι
479 4076 646 4145 ἀνδράποδα
664 4079 806 4146 πρόςοδον
823 4077 930 4130 ἀέναον
949 4077 1200 4141 κατεςκευαςμένοι
1218 4074 1294 4140 εἰςίν,
1313 4077 1391 4130 οὕτω

161 4163 208 4213 καὶ
226 4162 244 4226 ἡ
265 4161 345 4214 πόλις
363 4167 458 4230 κτῷτο
477 4163 597 4229 δημόςια
616 4164 783 4232 ἀνδράποδα
802 4162 948 4228 (cf.§.14).
968 4162 997 4215 Si
1015 4177 1075 4214 vero
1087 4161 1240 4228 Zurborgns
1260 4160 1392 4213 deservis

161 4245 307 4314 cogitavit,
332 4247 379 4315 qui
396 4263 412 4300 a
429 4249 544 4316 priuatis
567 4248 724 4304 hominibus
747 4247 930 4313 elocabsntnr,
958 4247 1079 4318 neglexit
1101 4250 1161 4300 tum
1178 4261 1271 4301 vocem
1288 4247 1388 4302 τέλους

162 4330 305 4387 offensioni
324 4349 381 4386 esse
398 4349 483 4402 neque
500 4335 559 4388 fieri
577 4338 711 4404 potuisse,
734 4337 766 4388 ut
783 4335 961 4388 Athenienses
979 4335 1095 4399 scirent,
1113 4334 1210 4401 quenti
1227 4333 1342 4388 fuissent
1360 4333 1390 4389 in

160 4418 316 4472 universum
335 4434 425 4473 eornm
442 4420 554 4488 reditus,
573 4421 620 4488 qui
638 4436 726 4478 servos
743 4420 774 4474 in
791 4420 899 4489 argenti
916 4419 1016 4474 fodinis
1034 4419 1188 4487 operaturos
1206 4418 1336 4474 locabant

267 4505 287 4570 ³)
306 4504 379 4559 Edit.
398 4504 524 4561 Dindori.

1202 4607 1238 4656 1st
