3232 5044
349 467 394 532 Ut
417 470 521 532 autem
555 467 657 532 animo
691 465 914 548 concipiamus,
948 481 1098 546 quaenam
1129 465 1173 530 rei
1205 463 1366 530 familiaris
1400 483 1470 547 pure

247 571 367 638 civibus
383 570 625 636 Atheniensibus
648 570 777 635 subinde
801 571 832 633 in
849 570 1003 634 aerarium
1026 567 1121 634 fuerit
1144 565 1377 651 (8818888181),
1399 567 1471 634 11188

247 675 409 757 praecipue
436 674 519 738 locos
541 673 746 754 respiciamus
768 690 891 738 necesse
913 673 975 754 881,
1006 670 1119 753 quibus
1143 671 1180 736 de
1202 670 1333 738 tributis
1354 670 1470 756 agitur,

245 796 324 862 quae
342 777 435 842 certis
450 776 635 859 quibusdem
651 775 843 858 temporibus
865 778 939 840 sunt
958 775 1128 858 imperata:
1153 775 1240 840 velut
1261 773 1471 856 compluribus

246 877 543 947 8818881188818181
573 877 663 943 annis
690 879 841 944 trecentis
865 877 1138 944 8188118818188118
1162 895 1237 959 opus
1261 875 1319 943 1811
1328 875 1367 960 ⁹),
1400 876 1421 940 1.
1444 895 1471 943 8.

247 984 393 1050 81888188
415 983 477 1048 1888
499 1001 611 1048 census
634 985 764 1048 sunnine
787 982 1045 1064 81811811888818,
1068 982 1263 1046 1181181888
1279 979 1331 1046 vel
1351 979 1471 1064 primae

248 1086 358 1153 classis
391 1087 592 1151 senissimum
625 1086 751 1151 1881888
785 1085 973 1152 facultatum
1005 1085 1127 1168 perlem
1159 1085 1278 1150 soluere
1308 1082 1473 1164 dehereut;

245 1191 357 1255 deiude
385 1190 609 1254 Demosthenes
640 1189 700 1274 III,
723 1191 759 1266 4,
793 1207 864 1254 oum
888 1187 1050 1271 Philippus
1083 1189 1246 1272 oppidum,
1281 1187 1331 1252 cni
1360 1203 1471 1252 nomen

242 1295 378 1373 Ἣραῑον
410 1295 513 1370 τεῖχος
542 1293 628 1370 enat,
662 1291 850 1358 1811888818
883 1292 995 1374 situm,
1029 1295 1233 1376 oppugnaret,
1269 1289 1472 1356 Athenienses

241 1397 407 1480 ‚sexaginta
429 1396 548 1460 taleme
563 1395 645 1478 exigi
666 1393 791 1460 iussisse
809 1393 979 1459 ,memoriae
995 1394 1140 1476 prodidit,
1163 1397 1200 1459 ut
1215 1393 1352 1460 eiusdem
1365 1393 1472 1461 8188818

245 1500 407 1564 homiuum
428 1497 582 1563 tributum
606 1498 852 1582 quingentesima
874 1499 956 1563 esset
972 1498 1018 1562 881
1033 1497 1213 1580 1881118818;
1236 1495 1366 1579 denique
1389 1497 1471 1562 cives

246 1601 463 1668 Demosthenis
492 1601 596 1666 881818
624 1619 715 1684 aegre
737 1599 885 1676 tulerint,
918 1600 944 1666 si
966 1599 1150 1664 duodecime
1179 1617 1287 1664 census
1309 1598 1405 1666 totius
1428 1601 1473 1664 roi

246 1706 385 1789 publicae
406 1705 480 1787 ipsis
501 1705 645 1770 iniuncta
659 1703 753 1787 siti),
775 1722 965 1787 quamquam
986 1708 1056 1769 tum
1079 1721 1197 1785 quoque
1221 1701 1369 1769 ditissimi
1391 1701 1473 1768 cives

247 1797 469 1893 sexagesimam
492 1809 593 1874 solum
615 1807 804 1874 facultatum
826 1807 1053 1889 8888118888181
1073 1811 1097 1887 1.

349 1911 434 1992 Quae
462 1929 533 1976 vero
564 1911 683 1976 tributa
713 1915 783 1976 8818
804 1909 1011 1975 Nausiuicum
1046 1911 1224 1976 archontem
1257 1911 1364 1976 888818
1397 1910 1471 1989 8181,

247 2015 366 2080 duobus
395 2017 520 2079 tantum
548 2014 625 2078 locis
653 2013 843 2096 accepimus:
876 2013 1085 2079 Athenienses
1112 2013 1286 2096 Mitylenen
1314 2029 1473 2096 oppugna-

249 2121 334 2184 turos
359 2115 660 2198 (01.88,1-”-·428
684 2133 712 2180 8.
725 2113 799 2181 Chr.
813 2117 870 2198 8.),
894 2118 929 2180 ut
951 2119 1091 2182 trecenta
1112 2117 1233 2182 1818818
1253 2117 1472 2198 penderentur,

246 2222 416 2286 deoreuisse
438 2218 666 2302 Thucydidesl)
690 2220 812 2298 namet,
842 2223 874 2283 et
896 2219 1122 2303 Aristophanes
1148 2219 1280 2300 (Decies.
1302 2219 1367 2286 823
1388 2220 1469 2301 sqq.)

248 2323 428 2407 Euripidem
450 2322 547 2388 refert
570 2324 727 2386 auctorem
749 2320 855 2400 fuisse,
879 2323 915 2387 ut
934 2322 1104 2405 quingenta
1126 2321 1363 2404 imperarentur.
1388 2323 1473 2402 Quae

247 2430 273 2492 81
308 2425 540 2508 contempleris,
575 2442 629 2489 cur
650 2423 857 2490 Athenienses
886 2427 951 2490 tam
981 2427 1183 2507 gravarentur
1213 2424 1368 2490 tributum
1399 2443 1472 2490 cou-

292 2609 302 2613 ..-
307 2608 329 2614 ›n-
333 2607 449 2614 -.-..--.....

244 2699 388 2769 8888181888
415 2702 521 2753 8888181
547 2699 650 2752 civibus
668 2699 697 2752 in
715 2700 871 2768 symmonias
890 2699 1081 2753 distribuendis
1100 2699 1185 2768 [Dein.
1205 2698 1330 2763 XXXIX,
1349 2700 1380 2752 8:
1408 2699 1471 2753 τίνα

246 2787 270 2838 δ’
288 2785 315 2838 oi
333 2787 487 2853 (τρατηγοὶ
513 2787 622 2853 τρόπον
649 2784 852 2853 ἐγγράψαυτιν,
880 2787 915 2840 ἂν
934 2785 973 2840 sic
992 2783 1148 2852 τυμμορίαν
1173 2785 1371 2852 ἑγγράφωτιν,
1398 2787 1473 2851 ἢᾶν

246 2871 420 2940 τριήραρχον
438 2873 616 2934 seductricem
635 2871 795 2926 8188881818.
815 2870 874 2926 Oeo.
889 2871 938 2925 818.
951 2871 1015 2926 Ath.
1034 2871 1055 2936 I,
1075 2871 1138 2937 620,
1157 2870 1246 2924 1118188.
1261 2874 1289 2924 81
1302 2871 1474 2924 Sohoemann.

245 2959 264 3012 l.
284 2973 305 3010 c.
324 2973 350 3026 p.
368 2957 430 3026 908]
450 2957 512 3010 11188
534 2957 610 3011 881118
633 2957 761 3012 ducentos
780 2957 931 3028 designasse
948 2953 1113 3024 statuamus,
1140 2959 1204 3010 ente
1223 2959 1312 3011 omnia
1329 2957 1401 3012 enim
1418 2973 1473 3010 nou

246 3060 293 3112 per
310 3043 399 3097 tribus
417 3043 594 3098 Athenienses
612 3045 719 3098 tributu
734 3044 878 3115 imperasse
896 3044 1041 3099 tenendum
1058 3045 1108 3098 est.
1126 3043 1168 3099 Ol.
1186 3061 1210 3112 8.
1230 3045 1272 3104 58.

351 3133 371 3196 ²)
390 3127 431 3185 ef.
450 3130 563 3185 Boeohh.
582 3128 643 3185 088.
664 3131 714 3185 818.
733 3131 831 3188 Athen.
849 3131 872 3196 I,
890 3130 940 3184 619
958 3145 1010 3199 sq.;
1028 3129 1080 3184 400
1097 3144 1150 3196 sq.;
1169 3129 1220 3184 614
1237 3145 1295 3198 sqq.

348 3219 371 3281 ²)
388 3216 464 3270 Dem.
482 3215 568 3280 XXII,
585 3217 627 3272 44.

350 3303 369 3367 ³)
388 3302 465 3356 Dem.
478 3303 551 3368 XIV,
563 3303 605 3357 21.
623 3303 677 3359 Dur
695 3319 747 3357 non
765 3306 848 3358 tertio
867 3304 984 3373 exemplo
1001 3304 1163 3359 aBoeelrhio
1175 3304 1233 3360 Oeo.
1247 3301 1408 3367 ciuntur,
1422 3300 1473 3356 616

245 3389 335 3442 adlato
353 3391 422 3452 utar,
440 3403 471 3442 88
489 3390 525 3443 118
544 3393 628 3457 88181,
647 3406 715 3459 quae
732 3407 757 3460 p.
777 3392 809 3445 11
829 3406 885 3459 sqq.
905 3391 969 3445 dixi.

347 3477 367 3543 ⁴)
385 3475 458 3528 Num
482 3475 599 3530 ducenta
622 3477 741 3542 1818818,
769 3493 837 3545 qnae
854 3477 884 3530 iu
902 3476 1094 3546 expeditionem
1112 3475 1146 3530 ad
1164 3474 1357 3544 Thermopylas
1375 3472 1475 3526 fantem

244 3564 402 3629 consumpta
419 3562 490 3626 sunt,
509 3562 614 3616 tributo
627 3562 802 3616 Athenienses
820 3561 999 3631 erogaverint,
1017 3579 1047 3616 ex
1060 3560 1248 3616 Demosthenis
1261 3559 1369 3628 quidem
1386 3555 1476 3610 uerbis

245 3644 328 3714 [XIX,
347 3647 395 3700 84:
422 3651 468 3701 καί
496 3648 602 3714 ματαία
632 3651 682 3714 μὲν
700 3651 719 3716 ἡ
737 3649 879 3718 πρότερον
904 3649 1019 3716 βοήθεια
1036 3651 1054 3715 ἡ
1074 3648 1114 3704 εἰ(
1132 3649 1231 3704 Πύλα(
1255 3649 1324 3712 ὑμῖν
1346 3645 1476 3711 γέγονεν,

244 3731 287 3797 ἣν
313 3735 399 3798 μετὰ
424 3733 852 3802 πλειόνωνῆδιακοτίων
879 3736 1067 3790 ταλάντων
1094 3735 1318 3801 ἐπαιήεατθε,
1346 3734 1382 3786 ἂν
1401 3729 1476 3795 λογί-

245 3821 328 3884 τητθε
348 3820 399 3874 τάτ
418 3819 490 3874 ἰδία(
508 3821 638 3875 δαπάνας
656 3822 707 3874 τὰ(
725 3825 785 3875 τῶν
804 3820 1072 3889 reparamentum]
1090 3835 1144 3876 888
1163 3803 1256 3887 liquet.
1347 3881 1360 3902 ἡ

349 3906 369 3975 ⁵)
387 3906 438 3974 III,
457 3908 497 3962 10.
523 3907 584 3961 Non
608 3905 724 3977 primum
746 3907 796 3962 hoc
814 3907 950 3963 tributum
967 3907 1145 3962 Athenienses
1163 3905 1309 3960 contulisse
1326 3904 1478 3959 Boeokhius

243 3989 261 4044 l.
281 4005 302 4044 8.
322 3990 368 4060 [81.
386 3991 535 4048 Tittmenn.
554 3994 572 4047 l.
591 4009 613 4048 α.
631 4009 657 4062 8.
675 3994 718 4060 41,
736 4009 762 4050 8.
780 3994 809 4064 3]
828 3994 958 4058 ostendit;
977 3994 1010 4049 81.
1028 3993 1174 4046 Hermann.
1193 3991 1305 4059 Antiqu.
1325 3991 1347 4057 I,
1367 3991 1424 4056 162,
1443 3991 1477 4057 2;

244 4092 305 4130 nero
324 4080 415 4132 autem
432 4079 461 4132 in
473 4080 568 4144 aetate,
588 4094 656 4147 quae
673 4079 824 4143 antecessit,
843 4079 924 4148 idque
941 4081 1084 4149 postquam
1103 4078 1176 4148 prins
1194 4077 1292 4132 sociale
1308 4077 1401 4131 foedus
1419 4075 1477 4130 fao-

244 4167 303 4216 tum
323 4166 371 4228 est,
389 4163 566 4220 Athenienses
584 4165 686 4221 civibus
704 4165 842 4220 tributum
860 4166 1017 4234 imposuisse
1035 4165 1128 4234 colligi
1147 4166 1235 4233 potest
1252 4165 1333 4218 etiam
1352 4181 1382 4218 ex
1394 4165 1478 4218 Isoor.

244 4249 322 4315 VIII,
332 4251 379 4304 828
400 4253 499 4306 „Ouium
519 4253 574 4320 γὰρ
592 4252 714 4320 ἀκριβῶ(
734 4254 870 4320 εὕριτκαν,
888 4253 916 4306 ἐξ
930 4253 972 4307 ὧν
985 4253 1132 4319 ἅνθρωποι
1151 4252 1256 4317 μάλιττ’
1274 4253 1309 4305 ἂν
1325 4254 1479 4316 μιεηθεῑεν,

245 4338 310 4390 ctcr'
323 4336 503 4404 ἐψηφίταντα
520 4341 560 4392 τὸ
574 4339 958 4406 περιγιγνόμεναντῶν
971 4339 1090 4405 πόρων
1103 4339 1274 4406 ἀργύριον
1288 4338 1479 4392 διελόντες

244 4424 333 4475 κατὰ
356 4424 536 4479 τάλαντον
564 4423 614 4478 εἰ(
638 4427 703 4491 τὴν
728 4425 929 4492 ὀρχήετραν
952 4429 1030 4478 τοῖτ
1049 4424 1258 4478 Διονυείοιτ
1282 4422 1479 4490 εἰεφέρειν,

244 4508 357 4562 ἐπειδὰν
375 4511 480 4578 πλῆρες
498 4513 515 4580 q
534 4513 568 4564 rt
587 4511 717 4579 θέατρον.
