3142 5052
693 204 926 269 ..130-

200 393 375 482 studemus,
409 411 484 458 num
513 393 551 459 ad
574 391 711 475 portoria
738 393 833 458 etiem
858 391 988 459 Athenis
1016 393 1201 475 pertinuerit
1229 391 1426 466 immunitate,

202 497 465 565 demonstratione
491 499 616 561 utamur
638 496 748 562 eodem
769 515 803 560 se
824 495 1018 575 revolvente,
1048 495 1130 579 quod
1151 496 1185 561 in
1207 494 1373 566 Benseleri
1391 512 1429 562 oo

200 600 431 688 Westermauni
467 597 756 666 ratiocinationibus
787 599 1070 681 reprehendendum
1099 617 1166 666 esse
1198 599 1263 664 iam
1296 595 1428 664 conabor

201 706 372 770 ostendere.

302 805 444 890 Primum
467 809 598 886 uterque
619 822 679 868 non
694 803 790 869 fuisse
807 806 890 886 apud
903 804 1111 871 Athenienses
1132 802 1263 888 portarii
1278 801 1430 868 aliorum·

201 929 259 994 que
287 908 414 973 huiusce
443 909 563 994 generis
586 905 784 992 vectigalium
814 907 1048 974 immunitatem
1082 925 1118 972 eo
1140 906 1331 989 comprobari
1361 904 1430 988 opi·

200 1016 309 1097 netur,
343 1010 424 1093 quod
454 1008 691 1088 Demosthenes,
726 1028 798 1074 cum
825 1012 862 1076 de
889 1010 1037 1092 praemiis
1067 1011 1189 1076 locutus
1218 1010 1260 1076 sit
1282 1005 1430 1082 Leuconi,

200 1115 332 1202 Bospori
352 1113 429 1196 regi,
453 1112 589 1191 tributis,
627 1130 688 1177 nou
718 1111 909 1178 mentionem
930 1112 1040 1180 fecerit
1069 1113 1143 1180 talis
1165 1110 1331 1202 privilegii.
1369 1107 1432 1174 Sed

200 1237 299 1305 reque
321 1217 379 1282 hoe
401 1215 561 1281 silentium
583 1233 681 1296 neque
711 1216 778 1298 ipsa
798 1215 894 1282 verbe
918 1215 957 1304 [ἐ.
980 1215 1033 1300 40]
1062 1217 1130 1283 »καὶ
1153 1218 1214 1295 μὴν
1245 1214 1315 1280 οὐδ’
1338 1213 1431 1278 ὅπως

201 1326 260 1410 οὐκ
282 1320 445 1386 ἀντιδώεει
464 1324 510 1402 τῷ
526 1318 667 1385 Λεύκωνί
689 1338 749 1396 τιτ,
783 1319 841 1384 ἐὰν
859 1319 1022 1398 βούληται,
1058 1320 1191 1397 δύναμαι
1214 1317 1432 1397 (κοιταιίμενοε

201 1423 313 1502 εὑρεῖν.
345 1423 488 1502 χρήματα
514 1423 571 1502 μὲν
598 1421 659 1500 γάρ
690 1423 770 1488 ἐετιν
798 1420 847 1487 ἀεὶ
875 1420 950 1499 παρ’
977 1422 1049 1500 ὑμῖν
1077 1420 1187 1497 αὐτοῦ,
1210 1420 1289 1487 κατὰ
1311 1421 1349 1484 δὲ
1371 1419 1433 1484 τὸν

202 1527 304 1608 νόμον
326 1529 451 1600 τοῦτον,
486 1523 543 1589 ἐάν
564 1544 610 1588 τι(
632 1524 680 1590 ἐπ’
704 1524 785 1588 αὐτὰ
808 1523 901 1608 ἔλθῃ,
932 1526 952 1603 ἢ
977 1525 1153 1604 (τερήεεται
1174 1523 1299 1589 τούτων
1327 1524 1433 1602 ἢλει·

201 1631 346 1706 τουργεῑν
373 1626 654 1705 ἀναγκαεθήεετοιν
691 1625 871 1696 testimonio
907 1627 994 1704 suut,
1030 1643 1089 1710 quo
1123 1644 1232 1690 verum
1264 1628 1433 1706 ratumque

202 1749 268 1818 esse
289 1728 369 1794 illud
392 1729 542 1794 iudicium
566 1729 757 1812 ostendatur,
787 1729 900 1813 quippe
921 1747 992 1794 oum
1012 1727 1152 1811 Leptinis
1172 1728 1362 1812 rogationem
1389 1726 1434 1792 ed

203 1833 349 1922 liturgias
379 1849 456 1897 unas
485 1833 622 1914 spectare
645 1829 877 1916 cognoverimus
906 1831 1012 1914 itaque
1035 1850 1072 1896 es
1093 1834 1218 1896 tentum
1240 1847 1260 1893 a
1280 1827 1434 1912 scriptore

202 1937 451 2012 commemorari,
486 1952 564 2016 quae
601 1935 733 2018 quodam
765 1933 855 2000 modo
883 1953 954 1999 cum
981 1934 1030 1999 his
1058 1933 1238 2000 muneribus
1266 1931 1434 1997 coniuncta

202 2045 299 2117 erant,
322 2058 383 2106 non
406 2039 523 2104 mirum
544 2038 679 2103 accidere
700 2037 806 2119 possit.

302 2143 461 2224 iidemque
475 2141 536 2205 viri
551 2140 633 2206 docti
647 2142 787 2223 peccent,
812 2157 885 2204 eum
905 2157 995 2206 suern
1010 2138 1149 2222 ipsorum
1164 2140 1338 2221 opinionem
1354 2156 1434 2204 con·

202 2244 321 2311 firmari
348 2245 462 2326 putent
483 2243 512 2325 ᾗ.
535 2243 593 2322 25,
626 2262 686 2325 que
714 2246 817 2309 orator
845 2244 1007 2326 pecunias,
1043 2261 1174 2325 quarum
1195 2241 1434 2316 immunitatem

203 2347 350 2429 Leptines
378 2347 448 2411 tolli
477 2346 570 2426 velit,
601 2346 732 2412 minime
754 2347 785 2410 iu
808 2346 961 2418 aerarium
990 2346 1120 2412 conferri
1142 2364 1240 2430 neque
1262 2346 1434 2428 quicquam

204 2450 450 2517 emolumenturn
478 2448 524 2514 rei
546 2449 691 2532 publicae
712 2467 778 2516 esse
801 2453 999 2527 eventurum,
1030 2450 1057 2514 si
1079 2449 1220 2533 Leptinis
1244 2451 1293 2516 lex
1315 2447 1433 2531 populo

200 2554 366 2635 placuerit,
395 2555 486 2619 claris
501 2552 605 2618 verbis
621 2554 714 2621 dicet.
737 2551 818 2633 Quid
833 2553 915 2620 enim
932 2554 972 2618 ad
986 2573 1052 2618 rem
1067 2553 1129 2618 luit
1144 2590 1185 2600 -
1200 2553 1227 2618 si
1243 2552 1434 2632 consideres,

206 2675 284 2740 quoe
306 2655 344 2721 de
359 2656 501 2740 Leptinis
525 2657 651 2723 consilio
675 2657 806 2722 disserui
831 2694 867 2703 —
893 2657 1139 2741 etiemportorii
1162 2656 1307 2721 hocloco
1331 2653 1434 2720 ratio·

201 2778 272 2845 uem
295 2759 431 2824 habere?

301 2860 410 2946 Neque
439 2863 539 2945 magis
567 2863 696 2928 tertium
725 2862 934 2945 ultimumque
964 2863 1183 2946 argumentum
1212 2863 1314 2937 valet,
1348 2863 1435 2944 quod

200 2964 334 3047 petitum
363 2972 410 3030 ost
432 2983 449 3029 e
470 2964 501 3048 ξ.
524 2964 601 3030 129:
635 2965 739 3044 ἡδέω(
761 2965 789 3030 o'
812 2965 852 3031 ἂν
874 2965 968 3043 ἔγωγ’
991 2967 1120 3046 ἐροίμην
1141 2966 1311 3044 Λεπτίνην·
1344 2965 1438 3034 τίνο(

201 3068 308 3133 αὐτοί(
341 3069 397 3146 τὴν
430 3069 572 3134 ἀτέλειαν
594 3070 613 3147 ἢ
637 3068 673 3133 cir
702 3073 759 3134 νῦν
789 3068 985 3134 καταλείπειν
1014 3069 1122 3148 φήτει(
1144 3070 1163 3148 ἢ
1188 3069 1326 3136 ἐκείνου(
1355 3067 1435 3136 τότε

201 3175 328 3247 δοῦναι,
365 3172 421 3235 τὰ(
453 3172 648 3250 λειτουργία(
681 3170 760 3236 ὅταν
794 3169 873 3236 εἶναι
906 3175 970 3254 φῇ(
1003 3171 1113 3254 ἱερῶν;
1151 3175 1227 3236 τῶν
1261 3173 1329 3250 μὲν
1356 3171 1436 3252 γὰρ

202 3273 258 3339 εἰ(
291 3274 361 3338 τὸν
393 3274 566 3350 πόλεμον
600 3277 731 3340 παεῶν
766 3273 963 3353 etruscus
995 3275 1058 3339 καί
1092 3277 1358 3354 τριηραρχιῶν
1387 3274 1436 3340 ἐκ

201 3380 277 3439 τῶν
299 3379 475 3441 παλαιῶν
503 3376 635 3455 νόμων
664 3376 735 3442 οὐκ
756 3375 852 3441 εἰτὶν
875 3376 1041 3453 ἀτελεῑτ,
1067 3381 1133 3442 τῶν
1155 3379 1192 3442 δὲ
1214 3379 1433 3455 λειτουργιῶν,

201 3476 289 3555 εἴπερ
313 3477 386 3543 είείν
407 3477 517 3556 ἱερῶν,
547 3477 617 3543 οὐδ’
639 3477 772 3556 ἔχοντα.
803 3478 882 3544 ἀλλὰ
905 3481 966 3559 μὴν
986 3480 1158 3559 γέγραπταί
1180 3479 1209 3556 γ’
1232 3478 1351 3544 ἀτελεῖ(
1373 3477 1435 3543 αὐ-

204 3580 280 3645 τοὺ(
303 3578 389 3645 εἶναι.
421 3581 523 3664 citroq
545 3582 564 3659 ἢ
588 3584 646 3645 τοῦ
669 3582 844 3665 μετοικίον;
866 3586 962 3646 τοῦτο
985 3583 1046 3661 γὰρ
1069 3583 1191 3658 λοιπόν,
1213 3583 1251 3647 de
1274 3600 1335 3664 qua
1358 3599 1436 3645 sen-

204 3682 304 3746 tentia
316 3681 574 3749 Westermennus
598 3682 674 3748 haee
696 3685 790 3750 verbe
812 3683 900 3748 fecit:
927 3684 1032 3748 stver
1054 3684 1096 3750 ist
1118 3687 1183 3750 dies
1207 3681 1285 3771 [scil.
1301 3687 1436 3766 portori}

203 3785 437 3851 immunitatem
474 3785 557 3867 apud
586 3785 794 3852 Athenienses
827 3783 932 3873 fuisse]
967 3804 1027 3874 von
1061 3785 1184 3871 einigen
1213 3785 1437 3861 Alterthums-

200 3888 358 3954 forschern
381 3906 622 3972 angenommen,
647 3889 697 3954 fur
709 3888 814 3954 Athen
830 3890 902 3954 aber
918 3891 976 3955 mit
991 3888 1091 3956 Recht
1106 3908 1166 3955 von
1181 3889 1330 3956 Benseler
1344 3889 1433 3958 lliul.

203 3990 270 4057 S.6
292 3993 326 4056 in
341 3992 465 4058 Abrede
488 3991 618 4074 gestellt
640 3991 763 4057 worden
785 3993 843 4057 mit
861 3990 1043 4075 Beaiehung
1064 4029 1107 4040 -
1128 3990 1183 4058 aui
1203 3991 1309 4057 die-
1324 3992 1434 4076 Argu,-

200 4095 373 4160 nnentution
395 4094 423 4178 ς.
450 4095 510 4160 128
533 4095 576 4174 ff,
599 4093 697 4159 nach
724 4094 894 4159 vvelcher
917 4093 1014 4159 nach
1030 4092 1165 4176 Abnug
1187 4093 1255 4160 der
1277 4094 1435 4160 Leitur·

201 4196 290 4280 gien
318 4194 410 4262 hein
432 4194 571 4281 Object
594 4197 657 4262 der
679 4197 812 4262 Atelie
836 4197 951 4281 ihrig
971 4196 1100 4264 bleiht
1122 4199 1180 4263 als
1203 4199 1271 4263 das
1294 4197 1435 4264 Metui-

201 4299 307 4378 kion,
341 4300 401 4363 mit
428 4301 576 4367 welchem
604 4300 763 4376 uatirlich
793 4302 842 4366 die
865 4302 988 4385 Birger
1008 4301 1112 4367 nichts
1134 4322 1173 4366 au
1195 4299 1273 4366 thun
1295 4301 1433 4367 habene.

202 4401 285 4466 Nam
314 4400 442 4467 minime
470 4403 502 4468 in
524 4402 742 4474 Demosthenis
770 4404 872 4469 auimo
903 4403 1000 4469 fuisse
1041 4421 1091 4470 eas
1121 4406 1244 4471 tantum
1271 4421 1320 4468 res
1353 4421 1435 4470 enu-

203 4521 336 4578 merare,
369 4522 499 4585 quarum
532 4505 657 4571 honoris
689 4523 782 4571 causa
812 4506 995 4574 immunitas
1017 4526 1051 4574 re
1072 4526 1145 4573 vere
1167 4507 1262 4573 elicui
1285 4505 1434 4588 debatur,
