3232 5044
755 230 963 298 ..ρη-

246 417 391 486 obiecerit
411 418 534 502 aliquis,
559 418 652 486 Bokii
676 419 852 502 opinionem
875 419 1065 499 defensurus,
1089 439 1149 487 non
1172 422 1267 487 trisse
1288 423 1322 486 in
1343 440 1471 488 numero

245 524 464 605 pecuniarum,
494 539 573 604 quae
594 522 708 601 τίμημα
730 525 786 602 τῆς
808 523 914 601 χώρας
935 524 1186 602 nominabantur,
1210 543 1319 589 sensus
1341 525 1470 591 trierar-

249 626 395 704 ehorum,
418 628 526 708 quire
549 644 623 692 vera
644 625 861 692 trierarnbiam
884 629 1085 709 susceperint.
1126 626 1173 692 At
1195 647 1232 692 ex
1254 627 1472 693 Demosthenis

246 727 348 794 vorbis
377 748 429 794 aar
450 730 506 796 illa
527 728 616 794 milia
638 747 763 794 sensum
786 729 948 814 scriptoris
969 731 1082 796 aetatIs
1105 729 1202 796 fuisse
1224 734 1367 814 apparat,
1401 749 1472 796 eorm

246 831 365 911 orator,
395 831 422 896 si
444 831 688 909 dubitationem,
712 848 790 912 quae
812 833 903 898 modo
925 832 1084 916 proposita
1106 837 1169 912 est,
1193 834 1296 898 ratam
1319 852 1383 898 esse
1405 851 1470 898 ore·

223 929 350 1013 dores,
384 954 456 1000 eum
483 934 587 1017 potius
617 935 766 1016 respioere
794 933 952 1002 debuisset
981 955 1126 1015 oensem,
1161 937 1214 1018 qni
1242 937 1370 1002 effeetus
1392 940 1472 1003 osset

246 1041 338 1104 aneto
360 1037 601 1104 trierarehorum
622 1055 767 1113 numero;
796 1039 885 1120 quod
898 1057 974 1104 sone
997 1039 1078 1104 huno
1099 1039 1162 1104 fere
1184 1039 1218 1103 in
1241 1040 1368 1105 modum
1390 1039 1471 1106 indi·

247 1145 361 1206 basset:
385 1142 493 1220 ἐπειδὴ
515 1143 555 1208 τό
576 1143 690 1221 τίμημα
713 1141 753 1206 ἂν
775 1140 822 1219 εἴη
845 1142 883 1208 τό
906 1147 962 1222 τῆς
983 1145 1098 1222 χώρας.

349 1243 468 1308 Deinde
501 1261 587 1323 eum,
621 1244 676 1325 qui
708 1243 863 1309 tributum
896 1244 1078 1323 contulerit,
1110 1263 1306 1330 nequaquam
1339 1265 1375 1311 er
1404 1246 1472 1330 lege

246 1348 447 1430 liturgiarum
468 1347 667 1415 sollemnium
688 1347 888 1412 immunitate
908 1344 1048 1413 frustum
1070 1366 1136 1413 esse
1157 1349 1382 1414 Demosthenes
1404 1349 1472 1430 ipsa

247 1467 282 1515 eo
305 1448 459 1532 declarat,
495 1451 575 1532 quod
603 1452 641 1517 de
672 1450 851 1516 trierarchis
880 1469 915 1516 ao
938 1451 976 1515 de
998 1451 1038 1516 iis
1059 1450 1198 1531 loeutus,
1231 1451 1285 1534 qui
1317 1450 1472 1516 tributum

246 1551 458 1635 pensitabant,
481 1553 545 1618 illis
561 1556 685 1620 tantum
700 1554 759 1620 hoo
772 1554 972 1636 privilegium
986 1554 1083 1620 fuisse
1098 1553 1183 1618 hisee
1199 1553 1356 1637 signitioat
1369 1553 1472 1618 verbis

250 1654 330 1734 (XX,
347 1656 416 1732 ab:
439 1655 539 1720 δίδοτ’
562 1657 597 1722 ἐν
619 1661 707 1736 τιμῆς
729 1659 814 1736 μέρει
835 1657 935 1733 ταῦθ’,
957 1656 1044 1722 daut
1066 1657 1106 1735 μή
1122 1660 1271 1736 lodobar
1290 1657 1375 1722 ἐςτιν
1393 1657 1475 1734 ἔχειν

248 1762 316 1826 τοῖς
337 1763 396 1824 τοῖν
418 1763 618 1838 τριηραρχεῖν
641 1758 712 1827 ἄξια
734 1759 931 1838 κεκτημένοις
955 1757 1005 1836 (οῖ.
1029 1763 1058 1841 ξ.
1085 1759 1145 1837 19).

349 1861 430 1928 Tum
463 1859 549 1944 orbi,
584 1861 726 1944 quamvis
753 1863 894 1926 omnium
921 1863 1075 1927 immunes
1107 1864 1207 1928 essent
1230 1863 1429 1945 liturgiarum
1438 1860 1472 1940 ¹),

250 1963 406 2030 tributum
427 1965 473 2030 rei
495 1964 660 2032 familiaris
684 1963 804 2029 solvere
828 1964 984 2030 debebant
992 1961 1027 2042 ⁹).

249 2136 304 2201 τὴν
323 2137 374 2200 μέν
392 2135 546 2205 τριόκαντα
565 2139 643 2201 μνᾶς,
662 2137 716 2201 τὴν
734 2135 765 2188 δέ
783 2133 1004 2204 τετρακιςχιλῖας
1023 2135 1148 2208 δραχμὰς
1166 2134 1392 2204 εἰςενὴνοχα,
1415 2149 1475 2187 enm

250 2221 283 2286 is,
302 2221 350 2288 qni
362 2220 491 2289 loquItur,
510 2222 645 2290 sumptum
657 2236 688 2274 ao
700 2219 928 2288 magnificentiam
946 2237 1086 2276 munerum
1105 2221 1257 2289 praedioare
1269 2221 1343 2274 velit.
1362 2219 1476 2274 Minoris

249 2306 332 2360 etiam
349 2305 480 2360 momenti
497 2307 550 2361 loei
568 2308 631 2360 sunt
650 2305 807 2358 summatim
824 2303 905 2372 dieti,
932 2305 1008 2359 velut
1028 2305 1100 2360 Dem.
1119 2305 1216 2367 XXIV,
1234 2305 1284 2362 92:
1312 2307 1421 2374 ἀνάγκη
1441 2309 1477 2361 τό

250 2397 371 2448 τοιαῦτα
390 2394 506 2448 διοικεῖν
524 2393 582 2446 ἐςτι
595 2393 642 2446 διὰ
653 2392 845 2458 ψηφιςμότων
862 2394 909 2446 καῖ
927 2393 1025 2458 νόμιον
1043 2398 1120 2446 τοῖς
1139 2395 1203 2458 μὲν
1221 2392 1403 2462 εἰςφέρειν
1421 2393 1477 2450 ἐπι·

247 2479 421 2541 τάττοντας,
456 2479 540 2533 τοιῖς
571 2480 607 2532 δέ
636 2482 871 2546 τριηραρχεῖν
906 2478 1089 2544 κελεύοντας,
1119 2481 1187 2532 τοὺς
1217 2480 1248 2534 δέ
1278 2483 1373 2545 πλεῖν,
1408 2481 1477 2538 τοὺς

249 2567 274 2618 δ’
291 2567 394 2621 έκαςτα
417 2571 511 2620 ποιεῖν
533 2565 574 2619 rba
594 2565 651 2629 δεῖ,
678 2578 730 2633 quo
749 2579 810 2617 eum
827 2564 885 2618 loeo
903 2579 1045 2632 componas
1063 2579 1158 2632 quaeso
1176 2565 1251 2620 Deru.
1270 2564 1309 2629 II,
1326 2564 1374 2618 ab:
1402 2563 1476 2620 εἰδὲ

247 2656 309 2706 τοῖς
334 2652 385 2716 μὲν
404 2653 497 2720 ὥςπερ
515 2651 547 2705 ἐκ
564 2648 733 2719 τυραννίδος
751 2650 832 2714 ὑμῶν
850 2648 1011 2704 ἐπιτάττειν
1033 2650 1209 2717 ἀποδώςετε,
1235 2655 1314 2704 τοῖς
1333 2652 1357 2703 δ’
1375 2650 1477 2717 ἀναγ-

247 2737 411 2791 κάζεςθαι
437 2740 684 2804 τριηραρχεῖν,
712 2733 916 2804 εῖςφέρεινρ
933 2737 1201 2803 ςτρατεύεςθαι,
1225 2741 1287 2789 τοῖς
1309 2737 1339 2789 δέ
1358 2735 1477 2803 ψηφίζε-

249 2825 310 2876 ςθαι
336 2822 409 2875 κατὰ
436 2823 551 2876 τούτων
579 2822 681 2887 μόνον,
709 2821 778 2874 ἄλλο
796 2822 828 2876 δέ
847 2822 911 2888 μηδ’
929 2823 1026 2876 ότιοόν
1054 2825 1218 2885 ςινμπονεῑν,
1246 2821 1308 2887 οὐχὶ
1329 2821 1479 2887 γενήςεται

247 2913 308 2964 τιῖιν
326 2909 454 2964 δεόντων
473 2910 540 2974 ὑμῖν
558 2909 644 2962 οὐδέν
662 2908 693 2962 ἐν
710 2913 809 2977 καιρῷ.

349 2997 370 3060 ¹)
387 2993 463 3050 Part.
481 2993 555 3059 na,
574 2995 637 3062 Cap.
655 2993 677 3058 I,
696 2995 720 3062 ό.
739 2994 794 3047 2ο.

352 3084 371 3146 ²)
390 3081 465 3135 Dem.
477 3079 592 3146 XXVII,
606 3080 634 3134 V:
653 3079 692 3136 etc
704 3081 759 3150 γὰρ
772 3083 826 3146 τήν
846 3079 1001 3149 ςυμμορίαν
1020 3081 1090 3147 ὺπέρ
1110 3080 1179 3144 ἐμοῦ
1198 3078 1386 3134 ςυνετόξαντο
1405 3079 1478 3134 κατὰ

248 3168 300 3222 τός
318 3167 404 3222 πέντε
422 3169 468 3220 καὶ
486 3167 572 3222 εἴκοςι
592 3172 662 3232 μνᾶς
679 3166 864 3222 πεντακοςῖας
883 3167 1008 3235 δραχμὰς
1032 3166 1180 3236 εἰςφέρειν,
1201 3167 1321 3235 ὅτανπερ
1343 3163 1479 3230 Τιμόθεος

248 3257 265 3310 ό
284 3255 416 3309 Κόνωνος
435 3255 482 3307 καῖ
500 3253 527 3306 oi
544 3255 580 3306 τό
600 3254 715 3319 μέγιςτα
733 3255 900 3320 κεκτημένοι
918 3253 1063 3318 τιμήματα
1081 3253 1240 3319 εῖςέφερον;
1258 3253 1289 3317 8;
1308 3249 1431 3311 XXVIII,
1448 3250 1479 3302 4:

249 3341 292 3394 ἔτι
310 3341 341 3393 δέ
359 3340 405 3391 καί
429 3339 516 3393 αὐτός
535 3340 661 3406 Ἄφοβος
688 3339 757 3406 μετὰ
778 3345 839 3394 τῶν
858 3340 1073 3406 ςυνεπιτρόπων
1091 3343 1126 3406 τη
1145 3339 1225 3393 πόλει
1242 3338 1276 3390 τό
1295 3339 1402 3403 πλῆθος
1419 3341 1479 3390 τιῖιν

249 3425 502 3492 καταλειφθέντων
531 3426 690 3494 χρημάτων
719 3426 843 3491 ἐμφανὲς
872 3422 1005 3490 ἐποίηςεν
1032 3425 1161 3490 ἡγεμόνα
1188 3439 1222 3487 με
1248 3427 1300 3490 τῆς
1327 3421 1480 3498 ςυμμορῖας

248 3511 424 3577 καταςτὴςας
447 3511 499 3564 οὐκ
522 3510 567 3564 ἐπὶ
587 3516 694 3578 μικροῖς
717 3525 861 3575 τιμημαςι;
888 3509 904 3561 V
923 3523 977 3576 sq.;
1002 3508 1046 3572 11;
1070 3508 1167 3574 XXIX,
1185 3509 1234 3572 59;
1260 3508 1329 3562 Isaei
1347 3509 1428 3577 frgm.
1446 3507 1480 3561 23

249 3600 278 3665 (p
291 3595 324 3649 17
342 3611 368 3650 n.
383 3595 417 3660 l).
435 3594 525 3648 Minus
542 3597 610 3664 apte,
629 3596 662 3648 ut
679 3595 733 3648 iam
746 3593 962 3650 Waohsmnthius
971 3593 1064 3662 Antiq.
1083 3593 1122 3648 11²
1139 3610 1165 3663 p.
1175 3595 1210 3649 98
1227 3595 1361 3664 cognovit,
1379 3593 1413 3648 ad
1424 3609 1480 3648 rem

249 3681 450 3736 inlustrandam
462 3680 610 3736 Boeolrhius
627 3680 646 3734 l.
659 3695 681 3732 α.
705 3695 731 3748 p.
743 3678 792 3733 621
806 3677 825 3734 ό
844 3679 888 3747 (of.
908 3695 934 3748 p.
948 3678 1010 3746 668)
1029 3679 1116 3734 laeum
1133 3681 1357 3745 commemorarit,
1375 3682 1422 3750 qui
1440 3683 1481 3734 est

248 3766 326 3822 Dem.
343 3765 417 3832 XXI,
429 3767 492 3820 157:
512 3767 645 3833 »ἡγεμὼν
664 3763 817 3832 ςυμμορῖας
835 3765 903 3830 δμῖν
921 3766 1061 3833 ἐγενόμην
1080 3766 1138 3831 ἐγὼ
1157 3767 1208 3832 ἐτη
1228 3766 1311 3828 δέκα,
1330 3766 1391 3822 icoo
1410 3767 1481 3834 Φορ-

251 3852 335 3918 μίωνι
361 3855 408 3908 καῖ
436 3851 582 3919 Λαςιθεῖδη
607 3853 653 3904 καῖ
678 3849 859 3918 Καλλαῖςχρψ
884 3853 931 3906 καὶ
954 3856 1016 3908 τοῖς
1040 3853 1276 3913 πλοιιςιωτότοις,
1305 3851 1481 3920 εἰςφέρων

250 3941 314 3996 οὐκ
337 3939 403 3994 derb
426 3937 658 4006 δπαρχούςης
680 3935 803 3997 οὐςίας
821 3937 899 4004 (ὑπὸ
922 3937 990 4006 γὰρ
1013 3942 1085 3994 τῶν
1107 3939 1313 4006 ἐπιτρόπων
1338 3936 1479 3992 όπεςτε-

250 4026 381 4093 ρήμην,
407 4024 477 4079 ἀλλ’
498 4024 564 4078 ἀπό
581 4027 646 4090 τῆς
663 4023 781 4088 δόξης,
805 4022 855 4080 ὧν
873 4023 890 4078 ό
907 4024 1020 4092 πατὴρ
1040 4040 1095 4089 μοι
1112 4023 1278 4078 κατέλιπε
1296 4025 1352 4076 καὶ
1371 4022 1419 4078 ὧν
1437 4020 1482 4077 el-

250 4125 353 4166 καιον
380 4112 421 4178 ἠν
450 4127 488 4175 με
515 4109 779 4176 δοκιμαςθέντα
806 4107 1053 4179 κομίεαςθαιμη
1078 4109 1158 4165 verba
1174 4109 1260 4174 euim,
1286 4109 1482 4176 quaeereunta

252 4196 387 4252 sententia
409 4199 474 4252 sunt
497 4195 584 4264 posite
601 4197 629 4250 et
646 4195 786 4264 praeeipue
807 4194 1061 4264 plusquamperfooti
1083 4193 1209 4262 temporie
1226 4193 1315 4250 forma
1331 4192 1483 4260 όπεςτερή-

252 4300 308 4350 μην
326 4281 481 4336 tostimonio
499 4283 577 4348 sunt,
601 4296 654 4335 non
671 4280 704 4335 de
720 4279 835 4336 tributis
852 4295 869 4333 a
886 4279 1024 4336 tutoribus
1042 4279 1099 4334 eiua
1117 4281 1225 4334 nomina
1238 4278 1370 4342 'moletia
1389 4277 1434 4335 sed
1452 4283 1483 4332 ut

252 4369 280 4424 in
299 4366 517 4422 antecedentibus
541 4367 691 4422 enuntiatio
707 4365 740 4422 de
756 4364 924 4429 muneribus,
952 4380 1020 4433 quae
1041 4365 1096 4422 iam
1119 4365 1191 4434 ipse,
1218 4381 1278 4420 eom
1296 4364 1481 4422 mueasiosete

251 4453 350 4520 pneris,
369 4452 524 4520 praestabat
542 4453 587 4522 (ef.
606 4453 630 4520 ό.
649 4452 707 4517 154,
728 4451 802 4520 156),
819 4451 861 4506 ita
878 4449 927 4504 lroe
943 4465 1048 4519 quoque
1065 4450 1135 4517 loeo,
1153 4450 1186 4506 de
1202 4451 1236 4504 iis
1254 4452 1386 4506 oratorem
1405 4449 1480 4517 loqui
