3194 5060
763 248 996 314 *11ον-

363 439 412 505 Ad
437 455 516 521 quas
547 453 653 503 omnes
676 453 723 500 res
746 434 934 501 vocabulum
963 434 1105 502 ἀτελείας
1135 451 1256 517 quoque
1284 435 1447 518 pertmere
1469 438 1499 499 et

268 542 546 626 grammaticorum
580 537 840 622 explicationibus
863 541 894 602 et
911 535 984 622 'ipso
1013 537 1096 602 vocis
1126 537 1208 620 apud
1237 537 1410 620 scriptores
1441 556 1499 602 usu

270 646 485 712 confirmatur:
519 641 598 707 dicit
630 641 714 706 enim
737 641 848 705 Pollux
872 641 909 705 de
931 640 1143 706 immunitatis
1173 659 1245 706 voce
1277 641 1499 724 similibusque

153 831 155 836 Ι
266 745 425 814 vocabulis
441 762 593 829 exponens
605 743 695 822 VIII,
714 744 776 810 155
790 761 852 825 sq.:
876 742 1044 822 Ἀτελής·
1068 743 1087 808 δ
1103 748 1158 823 τῆς
1173 743 1316 809 ἀτελείας
1339 746 1500 823 τυχών-

263 854 326 919 καὶ
349 852 368 917 ὁ
391 853 458 929 μέν
480 849 621 927 ἀτελὴς
651 847 868 927 ἀφειμένος
895 851 971 910 τῶν
1000 848 1137 922 τελῶν,
1171 845 1430 926 ἀπηλλαγμένος,
1465 848 1500 912 ὃς

262 958 422 1021 έπανείται
437 952 476 1017 τὰ
492 953 575 1028 τέλη,
598 950 659 1017 ἔξω
676 954 733 1014 τοῦ
756 951 882 1024 τέλους,
904 949 950 1013 οὐ
974 952 1225 1029 λειτουργῶν.
1248 951 1355 1016 καὶτὸ
1372 955 1500 1030 πρᾶγμα

262 1059 399 1132 ἀτέλεια,
415 1055 534 1134 ἄφεςις,
550 1052 725 1130 ἀπαλλαγή,
749 1051 983 1131 ἀπραγμοςιίνη,
1007 1051 1116 1118 ἀνεςις.
1139 1053 1235 1132 ἡγὰρ
1258 1052 1500 1133 ἀλειτουργηςία

262 1161 400 1235 εὐτελές,
434 1156 678 1233 ἀλειτούργητον
705 1157 741 1220 δέ
763 1154 872 1219 οὐςίαν
899 1155 1078 1234 Δείναρχος
1106 1155 1244 1235 είρηκεν;
1279 1154 1386 1223 Schol.
1410 1157 1499 1222 Deru.

261 1263 335 1341 470,
361 1261 417 1326 15:
448 1259 609 1337 οὐδὲγὰρ
633 1258 709 1342 οὔςῃ
732 1278 780 1336 χρ.
803 1257 962 1341 φαίνεται]
983 1258 1004 1336 ἡ
1027 1257 1150 1324 ἀτέλεια
1172 1259 1272 1337 διττή·
1303 1262 1324 1338 ἢ
1348 1261 1412 1340 γὰρ
1436 1261 1501 1328 κατ’

262 1366 416 1445 ἐμπορίαν
449 1363 544 1437 έςτὶν,
577 1361 700 1440 ῆκατὰ
733 1360 929 1438 λειτουργίαν
938 1359 972 1440 ¹).
1010 1359 1182 1446 Scriptores
1211 1380 1298 1441 vero,
1333 1364 1372 1427 ut
1395 1381 1499 1428 vocem

220 1473 226 1486 “
262 1468 402 1533 ἀτελείας
440 1463 630 1548 coniungunt
667 1483 736 1528 cum
776 1463 952 1529 nomInibus
990 1464 1140 1544 εἰςφορᾶς
1174 1464 1223 1529 vel
1256 1466 1419 1545 μετοικίου
1452 1467 1497 1533 vel

262 1573 371 1652 φόρου
405 1586 500 1650 egr.
535 1568 624 1632 Dem.
654 1568 723 1644 XX,
749 1566 804 1630 18:
839 1570 915 1631 τῶν
942 1568 1003 1645 γὰρ
1033 1567 1076 1632 εἰς
1103 1569 1161 1632 τὸν
1190 1568 1332 1648 πόλεμον
1362 1571 1415 1634 καὶ
1443 1571 1497 1648 τὴν

262 1673 418 1752 ςωτηρίαν
433 1675 489 1749 τῆς
504 1669 629 1734 πόλεως
644 1669 843 1749 είςφορῶν
858 1704 899 1716 -
915 1669 1048 1736 οὐδείς
1070 1669 1140 1736 έςτ’
1157 1670 1313 1750 ἀτελής,
1330 1670 1401 1750 XX,
1421 1673 1495 1737 1302

264 1776 345 1840 ἀλλὰ
378 1776 438 1853 μὴν
471 1774 642 1851 γέγραπται
675 1765 704 1848 γ’
727 1770 879 1837 ἀτελεῖς
913 1771 1059 1837 αὐτοὺς
1093 1771 1205 1839 εἶναι.
1242 1773 1346 1856 τίνος;
1386 1776 1495 1853 ἢτοῦ

263 1878 482 1957 μετοικίου,
513 1873 632 1952 XXIII,
657 1874 677 1938 2
703 1875 734 1951 ί,
758 1873 872 1938 Herod.
894 1872 954 1951 111,
977 1875 1034 1938 97:
1058 1875 1200 1940 ἀτελέα
1220 1877 1280 1955 γὰρ
1304 1877 1427 1957 Πέρςαι
1448 1880 1494 1942 νέ-

261 2001 372 2060 μονται
394 1979 509 2057 χώρην.
540 1976 609 2042 οἵδε
632 1979 668 2040 δέ
690 1977 823 2057 φόρον
845 1979 902 2056 μέν
925 1977 1042 2042 οὐδένα
1065 1978 1240 2056 έτὰχθηςαν
1261 1982 1384 2059 φέρειν,
1409 1985 1494 2060 δῶρα

262 2087 298 2149 δέ
314 2079 482 2161 ἀγίνεονέ),
506 2084 536 2144 et
551 2079 681 2163 portorii
696 2079 930 2144 immunitatem
946 2079 1054 2144 Ilount
1069 2079 1212 2146 ἀτέλειαν
1228 2081 1317 2146 velut
1333 2081 1492 2149 Demosth.

260 2187 328 2263 XX,
352 2186 407 2249 31:
439 2184 476 2248 οὐ
499 2184 559 2261 γὰρ
589 2183 690 2261 μόνον
713 2183 764 2246 διὰ
788 2183 825 2246 τὸ
848 2183 906 2247 τὸν
928 2182 1030 2247 τόπον
1052 2187 1169 2247 τοῦτον
1197 2188 1281 2248 ςῖτον
1304 2185 1390 2263 ἔχειν
1412 2189 1491 2251 πλεῖ-

261 2310 334 2355 ετον
362 2292 458 2355 τοῦτο
487 2287 638 2362 γίγνεται,
668 2285 747 2350 ἀλλὰ
770 2285 822 2348 διὰ
845 2286 882 2349 τὸ
905 2287 1014 2364 κύριον
1037 2285 1115 2350 ὄντα
1137 2286 1195 2350 τὸν
1217 2287 1371 2353 Λεύκωνα
1395 2289 1491 2354 αὐτοῦ

260 2396 345 2458 τοῖς
391 2390 549 2467 ἄγουςιν
585 2387 772 2466 Ἀθήναζε
816 2387 996 2454 ἀτέλειαν
1033 2390 1266 2466 δεδωκέναι,
1311 2390 1423 2474 Polyb.
1455 2391 1489 2473 V,
1581 2449 1582 2472 ,

263 2496 314 2573 88,
339 2491 409 2574 7³),
446 2493 493 2557 ita
516 2492 624 2557 eedem
647 2508 721 2555 voce
747 2492 896 2568 utuntur,
927 2510 988 2573 que
1011 2491 1144 2556 militiae
1167 2492 1361 2576 aliorumque
1384 2514 1490 2560 mnne·
1581 2473 1582 2505 ¹

261 2617 332 2662 rum
356 2596 530 2661 declaretur
551 2595 734 2659 immunitas
758 2613 782 2657 e.
806 2614 853 2678 gr.
877 2595 966 2659 Dem.
989 2594 1074 2677 XXI,
1094 2595 1169 2662 166:
1193 2596 1312 2662 οὐδένα
1334 2600 1396 2677 γὰρ
1420 2598 1488 2676 τρό-
1580 2603 1581 2608 ’

260 2720 323 2764 πον
339 2699 435 2764 ἄλλον
451 2700 485 2762 έν
499 2701 566 2762 τοῖς
580 2698 722 2763 λππεῦςιν
739 2697 838 2762 αὑτὸν
853 2697 973 2778 ἀτελῆ
996 2703 1154 2776 ποιῆται
1177 2702 1381 2778 ςτρατείας
1397 2699 1487 2766 δυνά·
1580 2709 1581 2757 l

260 2824 354 2882 μενος
389 2804 506 2879 ταύτην
542 2802 654 2880 εὕρηκε
687 2801 817 2865 Μειδίας
854 2804 964 2879 καινὴν
999 2802 1125 2882 ἱππικῆς
1162 2823 1230 2867 τινα
1262 2805 1487 2882 πεντηκοςτήν;

260 2905 399 2982 ΧΧ,26;
424 2910 499 2969 τῶν
521 2909 782 2984 τριηραρχιῶν
806 2904 1027 2970 οὐδείςέςτ’
1043 2904 1193 2988 ἀτελής,
1216 2906 1253 2987 L,
1265 2907 1322 2972 35:
1340 2913 1486 2987 διεφθαρ-
1579 2941 1580 3011 l

260 3010 356 3088 μένον
389 3009 446 3087 μὲν
479 3009 635 3086 πλήρωμα
666 3009 717 3073 καὶ
738 3007 853 3072 εἰωθὸς
883 3007 1035 3086 ἀργύριον
1065 3010 1147 3072 πολὺ
1177 3011 1411 3089 προλαμβάνειν
1440 3008 1487 3072 καὶ

261 3111 441 3176 ἀτελείας
465 3110 573 3187 ἀγειν
595 3113 671 3174 τῶν
693 3112 965 3190 νομιζομένων
981 3111 1080 3192 έντῇ
1102 3111 1165 3188 νηί
1186 3107 1484 3191 λειτουργιῶνί).

363 3215 393 3294 b)
418 3211 489 3277 Iam
504 3231 629 3278 excussa
644 3214 728 3278 vocis
745 3213 886 3279 ἀτελείας
901 3213 1036 3292 notione,
1060 3213 1226 3296 antequam
1245 3218 1483 3296 perscrutamur,
1578 3215 1579 3263 i

261 3316 524 3398 quemadmodum
546 3314 752 3380 Athenienses
774 3317 892 3380 versati
921 3316 985 3380 sint
1007 3317 1039 3380 in
1060 3315 1259 3380 immunitate
1286 3316 1408 3382 civibus
1430 3313 1483 3379 tri·

259 3417 399 3496 buenda‚
434 3436 504 3481 ere
528 3417 607 3481 mihi
628 3416 753 3482 videtur
782 3418 860 3484 locis
883 3436 918 3482 ex
941 3417 1144 3500 scriptoribus
1172 3419 1483 3503 inscriptionibusque
1577 3455 1578 3498 p

263 3519 417 3602 congestis
446 3519 609 3585 ostendere
640 3537 701 3583 non
731 3521 812 3602 apud
834 3520 1040 3585 Athenienses
1071 3540 1147 3587 unos
1179 3521 1389 3588 immunitatis
1413 3537 1481 3583 con·
1577 3500 1578 3515 ¹

262 3739 465 3750 -.-.-.---·-

363 3863 382 3923 ’ρ
401 3859 442 3913 cf.
469 3857 582 3925 Hesych.
601 3860 623 3912 Α
644 3858 724 3925 8043;
754 3859 864 3914 Beklrer.
888 3861 987 3916 Anecd.
1014 3863 1074 3926 458,
1091 3863 1139 3927 27,
1169 3861 1243 3916 Suid.
1267 3863 1293 3928 Ι,
1316 3857 1472 3928 Ι,832,10.

259 3937 384 4000 ἀίέλεια
416 3944 645 4013 ἀλειτουργηςία,
681 3945 793 4016 Hesych.
824 3948 846 4000 Α
876 3947 957 4002 8046ι
988 3948 1088 4015 ἀτελῆ·
1119 3950 1265 4011 ἀδάπανα,
1296 3951 1347 4004 οὐκ
1377 3949 1475 4014 ἔχοντα

259 4032 424 4096 τελέςματα.

361 4119 381 4182 ²)
400 4117 440 4172 cf.
460 4115 557 4170 Herod.
576 4117 597 4182 1,
618 4117 679 4182 1923
697 4116 750 4183 ΙΙΙ,
769 4118 815 4181 bh
833 4118 881 4185 91;
902 4117 948 4184 VI,
965 4119 1008 4184 la
1030 4119 1124 4188 Polyb.
1142 4119 1227 4188 XXII,
1245 4119 1286 4186 26,
1307 4122 1346 4175 ΙΙ.

362 4203 381 4266 ³)
401 4203 439 4259 Cf.
459 4203 534 4257 Dem.
553 4202 677 4267 XXXIV,
695 4204 743 4266 363
763 4205 902 4270 Atheni,
921 4206 963 4270 51,
981 4205 1014 4259 de
1033 4221 1085 4273 quo
1104 4207 1161 4262 loco
1179 4205 1327 4262 Boeckhius
1345 4204 1404 4273 egit
1420 4203 1437 4256 I.
1454 4215 1474 4252 c.

257 4287 396 4342 Emendat.
418 4290 447 4342 et
464 4287 644 4346 eddidament.
663 4305 687 4358 p.
707 4289 766 4344 VII.

361 4376 380 4443 ⁴)
398 4375 438 4432 Cf.
457 4375 555 4430 Herod.
580 4375 638 4439 ΙΙΙ,
657 4377 703 4441 67;
730 4377 837 4431 Aeliani
855 4393 909 4432 νοτ.
928 4377 1024 4435 histor.
1045 4377 1094 4444 VI,
1113 4380 1129 4432 6
1157 4379 1207 4448 (ed.
1226 4378 1374 4447 Hercher.);
1400 4369 1471 4428 nied.

136 4467 137 4472 ι
256 4460 302 4524 ιν,
323 4461 369 4526 τι,
388 4460 467 4515 τοο.
487 4461 544 4527 κν,
565 4461 628 4527 ιτα
647 4460 707 4528 xn,
727 4461 790 4530 ικτ,
809 4463 855 4529 xr,
874 4462 915 4518 ar.
