3194 5060
661 298 888 363 -147-

261 491 479 571 Lamptrenses
501 487 713 571 Eleusiniiqne
735 487 861 570 insuper
882 487 1117 565 constituerunt,
1141 491 1176 550 ut
1198 487 1378 554 Philocedes

158 612 194 660 ac
215 594 367 678 Dercylus
390 590 515 675 propter
537 591 711 656 officiorum
732 590 913 675 religionem
936 590 968 653 in
991 591 1134 655 omnibus
1156 590 1269 668 sacris,
1304 610 1382 673 quae

156 699 217 781 ipsi
248 697 395 778 facerent,
417 695 584 777 participes
616 697 718 759 essent
749 695 909 778 epularum
939 692 1175 773 sacrificatum,
1209 694 1262 778 qui
1285 693 1382 758 honos

159 804 252 867 etiam
275 797 499 866 Callidemanti
521 817 539 862 a
561 797 777 862 Piraeonsibus
799 797 979 883 impertitus
1003 799 1061 875 est,
1084 797 1144 862 nisi
1167 797 1248 880 qnod
1271 814 1306 861 ea
1328 816 1381 860 er-

160 903 305 986 ceperunt
326 901 499 982 sollemnia,
523 900 634 984 quibus
655 902 726 968 unis
747 901 877 984 paganis
900 901 1048 966 interesse
1070 900 1193 966 licebat.
1215 901 1382 965 Praeterea

159 1006 349 1073 Callidamas
372 1003 671 1087 coronafrondea1)‚
695 1004 845 1089 Dercylns
868 1021 978 1069 corona
993 1020 1096 1083 aurea,
1119 1006 1248 1087 uterque
1265 1003 1332 1068 inre
1348 1002 1381 1067 in

159 1109 267 1192 primis
289 1109 476 1193 spectaculis
491 1106 652 1193 secennio
669 1109 831 1174 decoratus
846 1109 903 1186 est,
927 1107 1037 1172 deinde
1051 1106 1275 1173 Callidamanti
1297 1107 1381 1188 optio

161 1216 208 1278 est
231 1212 305 1278 data
326 1231 518 1296 paganorum
541 1212 657 1278 ordinis
680 1212 826 1296 eligendi,
848 1213 882 1276 in
904 1231 997 1294 quem
1018 1210 1196 1276 referretur.

262 1314 403 1398 Denique
431 1314 630 1380 immunitate
663 1315 792 1399 aliisquo
821 1316 1010 1381 ornamentis
1042 1315 1125 1396 ipsos
1154 1314 1211 1378 hos
1240 1312 1381 1378 homines

163 1418 291 1484 donatos
313 1437 387 1499 esse,
410 1436 517 1483 eornm
539 1420 676 1501 posteros
700 1436 761 1483 non
784 1417 861 1482 item
883 1419 1046 1502 neglegere
1070 1417 1142 1481 noli.

164 1607 249 1690 Gap.
274 1608 335 1672 ΙΙΙ.
366 1608 417 1674 De
439 1608 706 1685 immunitate,
729 1627 825 1690 quae
845 1626 863 1672 a
884 1608 1075 1690 phratriis
1099 1625 1287 1674 concessa
1308 1610 1382 1686 esi,

163 1730 224 1777 non
246 1711 358 1790 habeo,
383 1710 463 1795 quod
486 1710 612 1789 addam,
636 1729 708 1774 cum
729 1711 834 1777 nullus
856 1713 976 1794 praeter
1000 1730 1080 1790 eom,
1104 1710 1142 1775 de
1165 1728 1224 1795 quo
1246 1711 1310 1776 iam
1331 1731 1384 1778 er·

163 1814 252 1900 posui
276 1817 319 1896 (p.
345 1813 406 1879 103
428 1813 504 1898 sp),
533 1814 645 1879 titulos
668 1815 784 1892 exstet,
813 1832 872 1896 qno
895 1814 933 1879 de
955 1813 1014 1878 hac
1035 1833 1069 1879 re
1092 1813 1240 1880 doctiores
1263 1814 1381 1880 fiamus.

268 2005 288 2073 ¹)
307 2002 346 2056 De
375 1999 478 2057 coronis
507 1999 657 2054 honorariis
685 1998 719 2054 ci.
747 1997 775 2054 C.
794 1999 866 2055 1.n.
894 1997 933 2068 11,
952 1999 1016 2065 5733
1045 1999 1109 2068 5743
1138 1997 1204 2065 5763
1232 1999 1386 2066 579-5813

165 2089 228 2154 583,
246 2090 345 2239 ὃῗῗσῦθ
362 2173 454 2228 eodem
473 2172 588 2242 praemio
606 2171 640 2226 cf.
658 2171 687 2227 G.
705 2171 727 2226 Ι.
745 2173 777 2226 Α.
794 2171 829 2238 Π,
847 2171 991 2226 574-576.
