<?xml version="1.0" encoding="UTF-8"?>
<!DOCTYPE html PUBLIC "-//W3C//DTD XHTML 1.0 Transitional//EN"
    "http://www.w3.org/TR/xhtml1/DTD/xhtml1-transitional.dtd">
<html xmlns="http://www.w3.org/1999/xhtml" xml:lang="en" lang="en">
 <head>
  <title>
</title>
<meta http-equiv="Content-Type" content="text/html;charset=utf-8" />
  <meta name='ocr-system' content='tesseract 3.04.00' />
  <meta name='ocr-capabilities' content='ocr_page ocr_carea ocr_par ocr_line ocrx_word'/>
</head>
<body>
  <div class='ocr_page' id='page_1' title='image "./deciviumathenie00thumgoog_0060.png"; bbox 0 0 3232 5044; ppageno 0'>
   <div class='ocr_carea' id='block_1_1' title="bbox 694 231 900 297">
    <p class='ocr_par' dir='ltr' id='par_1_1' title="bbox 694 231 900 297">
     <span class='ocr_line' id='line_1_1' title="bbox 694 231 900 297; baseline -0.01 -17"><span class='ocrx_word' id='word_1_1' title='bbox 694 231 900 297; x_wconf 68' lang='lat'>„43-</span> 
     </span>
    </p>
   </div>
   <div class='ocr_carea' id='block_1_2' title="bbox 172 415 1410 824">
    <p class='ocr_par' dir='ltr' id='par_1_2' title="bbox 172 415 1410 824">
     <span class='ocr_line' id='line_1_2' title="bbox 180 415 1410 500; baseline -0.007 -12"><span class='ocrx_word' id='word_1_2' title='bbox 180 421 241 488; x_wconf 84' lang='lat' dir='ltr'>alie</span> <span class='ocrx_word' id='word_1_3' title='bbox 251 421 335 485; x_wconf 88' lang='lat' dir='ltr'>inest</span> <span class='ocrx_word' id='word_1_4' title='bbox 348 420 394 483; x_wconf 83' lang='lat' dir='ltr'>vis</span> <span class='ocrx_word' id='word_1_5' title='bbox 406 420 466 484; x_wconf 86' lang='lat' dir='ltr'>nisi</span> <span class='ocrx_word' id='word_1_6' title='bbox 477 419 567 500; x_wconf 91' lang='lat' dir='ltr'>pretii</span> <span class='ocrx_word' id='word_1_7' title='bbox 579 419 627 484; x_wconf 87' lang='lat' dir='ltr'>vol</span> <span class='ocrx_word' id='word_1_8' title='bbox 641 416 882 482; x_wconf 76' lang='lat' dir='ltr'>aestimationis:</span> <span class='ocrx_word' id='word_1_9' title='bbox 896 416 934 480; x_wconf 89' lang='lat' dir='ltr'>of.</span> <span class='ocrx_word' id='word_1_10' title='bbox 945 415 1172 496; x_wconf 75' lang='lat' dir='ltr'>DennXXVII,</span> <span class='ocrx_word' id='word_1_11' title='bbox 1183 418 1217 483; x_wconf 81' lang='lat'>7:</span> <span class='ocrx_word' id='word_1_12' title='bbox 1228 421 1294 482; x_wconf 83' lang='grc' dir='ltr'>ιιδεῑ</span> <span class='ocrx_word' id='word_1_13' title='bbox 1308 419 1345 482; x_wconf 81' lang='grc' dir='ltr'>δὲ</span> <span class='ocrx_word' id='word_1_14' title='bbox 1360 418 1410 482; x_wconf 85' lang='grc' dir='ltr'>καὶ</span> 
     </span>
     <span class='ocr_line' id='line_1_3' title="bbox 172 509 1409 600; baseline -0.005 -11"><span class='ocrx_word' id='word_1_15' title='bbox 172 525 249 589; x_wconf 77' lang='grc' dir='ltr'>παῦ’</span> <span class='ocrx_word' id='word_1_16' title='bbox 272 524 403 588; x_wconf 70' lang='grc' dir='ltr'>ἕκαςτον</span> <span class='ocrx_word' id='word_1_17' title='bbox 424 523 504 600; x_wconf 72' lang='lat' dir='ltr'>opor</span> <span class='ocrx_word' id='word_1_18' title='bbox 526 521 657 586; x_wconf 79' lang='grc' dir='ltr'>ἀκοῦται</span> <span class='ocrx_word' id='word_1_19' title='bbox 680 521 719 584; x_wconf 86' lang='grc' dir='ltr'>τά</span> <span class='ocrx_word' id='word_1_20' title='bbox 740 509 767 584; x_wconf 77' lang='grc' dir='ltr'>τ’</span> <span class='ocrx_word' id='word_1_21' title='bbox 792 522 905 600; x_wconf 85' lang='grc' dir='ltr'>ἐνεργὰ</span> <span class='ocrx_word' id='word_1_22' title='bbox 926 520 1034 586; x_wconf 81' lang='grc' dir='ltr'>αὐτῶν</span> <span class='ocrx_word' id='word_1_23' title='bbox 1056 522 1106 583; x_wconf 85' lang='grc' dir='ltr'>καὶ</span> <span class='ocrx_word' id='word_1_24' title='bbox 1121 519 1180 584; x_wconf 75' lang='lat' dir='ltr'>lico</span> <span class='ocrx_word' id='word_1_25' title='bbox 1195 519 1234 598; x_wconf 79' lang='grc' dir='ltr'>ἠν</span> <span class='ocrx_word' id='word_1_26' title='bbox 1249 519 1332 598; x_wconf 86' lang='grc' dir='ltr'>ἀργὰ</span> <span class='ocrx_word' id='word_1_27' title='bbox 1348 520 1409 584; x_wconf 88' lang='grc' dir='ltr'>καί</span> 
     </span>
     <span class='ocr_line' id='line_1_4' title="bbox 181 619 1410 708; baseline -0.002 -16"><span class='ocrx_word' id='word_1_28' title='bbox 181 627 276 692; x_wconf 80' lang='grc' dir='ltr'>ὅτου</span> <span class='ocrx_word' id='word_1_29' title='bbox 292 625 335 704; x_wconf 82' lang='grc' dir='ltr'>ἦν</span> <span class='ocrx_word' id='word_1_30' title='bbox 352 625 438 692; x_wconf 84' lang='grc' dir='ltr'>ἄξια</span> <span class='ocrx_word' id='word_1_31' title='bbox 454 626 469 688; x_wconf 92' lang='grc' dir='ltr'>ἕ</span> <span class='ocrx_word' id='word_1_32' title='bbox 476 643 609 700; x_wconf 73' lang='lat' dir='ltr'>ructo:</span> <span class='ocrx_word' id='word_1_33' title='bbox 632 623 754 688; x_wconf 88' lang='lat' dir='ltr'>Platon.</span> <span class='ocrx_word' id='word_1_34' title='bbox 770 625 828 706; x_wconf 83' lang='lat' dir='ltr'>leg.</span> <span class='ocrx_word' id='word_1_35' title='bbox 842 619 899 698; x_wconf 89' lang='lat' dir='ltr'>XI,</span> <span class='ocrx_word' id='word_1_36' title='bbox 911 623 972 688; x_wconf 79' lang='lat'>921</span> <span class='ocrx_word' id='word_1_37' title='bbox 987 625 1015 686; x_wconf 78' lang='lat' dir='ltr'>A</span> <span class='ocrx_word' id='word_1_38' title='bbox 1032 641 1094 706; x_wconf 68' lang='lat' dir='ltr'>sep:</span> <span class='ocrx_word' id='word_1_39' title='bbox 1119 624 1170 686; x_wconf 81' lang='grc' dir='ltr'>καὶ</span> <span class='ocrx_word' id='word_1_40' title='bbox 1192 623 1410 708; x_wconf 83' lang='grc' dir='ltr'>ἀναιρουμένῳ</span> 
     </span>
     <span class='ocr_line' id='line_1_5' title="bbox 177 725 1409 824; baseline -0.002 -29"><span class='ocrx_word' id='word_1_41' title='bbox 177 730 208 795; x_wconf 82' lang='lat' dir='ltr'>o&#39;</span> <span class='ocrx_word' id='word_1_42' title='bbox 232 731 325 808; x_wconf 87' lang='grc' dir='ltr'>ἔργον</span> <span class='ocrx_word' id='word_1_43' title='bbox 358 729 588 824; x_wconf 73' lang='grc' dir='ltr'>ξυμβουλευτὴε</span> <span class='ocrx_word' id='word_1_44' title='bbox 616 727 730 805; x_wconf 85' lang='grc' dir='ltr'>νόμοτ,</span> <span class='ocrx_word' id='word_1_45' title='bbox 764 725 845 804; x_wconf 85' lang='grc' dir='ltr'>ἅπερ</span> <span class='ocrx_word' id='word_1_46' title='bbox 873 733 918 810; x_wconf 84' lang='grc' dir='ltr'>τῷ</span> <span class='ocrx_word' id='word_1_47' title='bbox 947 729 1105 791; x_wconf 82' lang='grc' dir='ltr'>πωλοῦντι</span> <span class='ocrx_word' id='word_1_48' title='bbox 1135 728 1339 805; x_wconf 77' lang='grc' dir='ltr'>ξυνεβούλευε</span> <span class='ocrx_word' id='word_1_49' title='bbox 1369 727 1409 806; x_wconf 84' lang='grc' dir='ltr'>μὴ</span> 
     </span>
    </p>
   </div>
   <div class='ocr_carea' id='block_1_3' title="bbox 184 827 1501 910">
    <p class='ocr_par' dir='ltr' id='par_1_3' title="bbox 184 827 1501 910">
     <span class='ocr_line' id='line_1_6' title="bbox 184 827 1501 910; baseline -0.004 -13"><span class='ocrx_word' id='word_1_50' title='bbox 184 833 316 898; x_wconf 85' lang='grc' dir='ltr'>πλέονοε</span> <span class='ocrx_word' id='word_1_51' title='bbox 338 833 429 910; x_wconf 88' lang='grc' dir='ltr'>τιμᾶν</span> <span class='ocrx_word' id='word_1_52' title='bbox 453 831 701 909; x_wconf 79' lang='grc' dir='ltr'>διαπειρώμενον</span> <span class='ocrx_word' id='word_1_53' title='bbox 723 829 801 894; x_wconf 77' lang='grc' dir='ltr'>ἀλλ’</span> <span class='ocrx_word' id='word_1_54' title='bbox 824 829 1081 894; x_wconf 82' lang='grc' dir='ltr'>ἁπλούετατα</span> <span class='ocrx_word' id='word_1_55' title='bbox 1099 833 1166 906; x_wconf 77' lang='grc' dir='ltr'>τῆ(</span> <span class='ocrx_word' id='word_1_56' title='bbox 1189 827 1314 906; x_wconf 81' lang='grc' dir='ltr'>ἀξίαε,</span> <span class='ocrx_word' id='word_1_57' title='bbox 1337 830 1410 894; x_wconf 72' lang='grc' dir='ltr'>ταῦ</span> <span class='ocrx_word' id='word_1_58' title='bbox 1499 883 1501 892; x_wconf 80' lang='grc'>,</span> 
     </span>
    </p>
   </div>
   <div class='ocr_carea' id='block_1_4' title="bbox 172 930 1409 3074">
    <p class='ocr_par' dir='ltr' id='par_1_4' title="bbox 176 930 1409 1533">
     <span class='ocr_line' id='line_1_7' title="bbox 179 930 1409 1018; baseline -0.003 -18"><span class='ocrx_word' id='word_1_59' title='bbox 179 937 237 1000; x_wconf 87' lang='grc' dir='ltr'>τὸν</span> <span class='ocrx_word' id='word_1_60' title='bbox 260 935 300 1012; x_wconf 82' lang='grc' dir='ltr'>δὴ</span> <span class='ocrx_word' id='word_1_61' title='bbox 322 933 508 1013; x_wconf 77' lang='grc' dir='ltr'>προεττίττει</span> <span class='ocrx_word' id='word_1_62' title='bbox 531 935 581 997; x_wconf 86' lang='grc' dir='ltr'>καὶ</span> <span class='ocrx_word' id='word_1_63' title='bbox 603 938 648 1018; x_wconf 80' lang='grc' dir='ltr'>τῷ</span> <span class='ocrx_word' id='word_1_64' title='bbox 671 932 897 1016; x_wconf 84' lang='grc' dir='ltr'>ἀναιρουμένῳ.</span> <span class='ocrx_word' id='word_1_65' title='bbox 920 932 1080 1008; x_wconf 74' lang='grc' dir='ltr'>γπνώεκει</span> <span class='ocrx_word' id='word_1_66' title='bbox 1101 931 1162 1010; x_wconf 85' lang='grc' dir='ltr'>γὰρ</span> <span class='ocrx_word' id='word_1_67' title='bbox 1178 930 1197 995; x_wconf 87' lang='grc' dir='ltr'><strong>ὅ</strong></span> <span class='ocrx_word' id='word_1_68' title='bbox 1212 951 1248 1007; x_wconf 84' lang='grc' dir='ltr'>γε</span> <span class='ocrx_word' id='word_1_69' title='bbox 1263 937 1409 1010; x_wconf 84' lang='grc' dir='ltr'>δημιουρ-</span> 
     </span>
     <span class='ocr_line' id='line_1_8' title="bbox 176 1033 1408 1117; baseline -0.006 -13"><span class='ocrx_word' id='word_1_70' title='bbox 176 1041 234 1116; x_wconf 71' lang='lat' dir='ltr'>poc</span> <span class='ocrx_word' id='word_1_71' title='bbox 250 1040 308 1116; x_wconf 84' lang='grc' dir='ltr'>τὴν</span> <span class='ocrx_word' id='word_1_72' title='bbox 324 1037 427 1109; x_wconf 74' lang='grc' dir='ltr'>ἀξίους</span> <span class='ocrx_word' id='word_1_73' title='bbox 446 1036 483 1113; x_wconf 87' lang='lat' dir='ltr'>V,</span> <span class='ocrx_word' id='word_1_74' title='bbox 502 1036 564 1099; x_wconf 76' lang='grc'>744</span> <span class='ocrx_word' id='word_1_75' title='bbox 575 1037 617 1112; x_wconf 89' lang='grc' dir='ltr'>Β;</span> <span class='ocrx_word' id='word_1_76' title='bbox 634 1035 778 1100; x_wconf 85' lang='lat' dir='ltr'>Aesohin.</span> <span class='ocrx_word' id='word_1_77' title='bbox 792 1034 817 1109; x_wconf 88' lang='grc' dir='ltr'>Ι,</span> <span class='ocrx_word' id='word_1_78' title='bbox 834 1035 886 1109; x_wconf 82' lang='grc'>96,</span> <span class='ocrx_word' id='word_1_79' title='bbox 901 1034 971 1117; x_wconf 83' lang='lat' dir='ltr'>Lys.</span> <span class='ocrx_word' id='word_1_80' title='bbox 988 1033 1074 1116; x_wconf 84' lang='lat' dir='ltr'>XIX,</span> <span class='ocrx_word' id='word_1_81' title='bbox 1090 1034 1149 1116; x_wconf 78' lang='lat'>473</span> <span class='ocrx_word' id='word_1_82' title='bbox 1172 1033 1260 1097; x_wconf 78' lang='lat' dir='ltr'>ilem.</span> <span class='ocrx_word' id='word_1_83' title='bbox 1276 1033 1408 1115; x_wconf 89' lang='lat' dir='ltr'>XXVII,</span> 
     </span>
     <span class='ocr_line' id='line_1_9' title="bbox 180 1134 1407 1223; baseline -0.005 -17"><span class='ocrx_word' id='word_1_84' title='bbox 180 1143 240 1223; x_wconf 76' lang='lat'>103</span> <span class='ocrx_word' id='word_1_85' title='bbox 268 1139 418 1217; x_wconf 85' lang='lat' dir='ltr'>XXVIII,</span> <span class='ocrx_word' id='word_1_86' title='bbox 444 1140 499 1221; x_wconf 79' lang='lat'>1¹3</span> <span class='ocrx_word' id='word_1_87' title='bbox 532 1137 652 1204; x_wconf 88' lang='lat' dir='ltr'>Platon.</span> <span class='ocrx_word' id='word_1_88' title='bbox 677 1137 736 1220; x_wconf 81' lang='lat' dir='ltr'>leg.</span> <span class='ocrx_word' id='word_1_89' title='bbox 763 1137 848 1210; x_wconf 87' lang='lat' dir='ltr'>VIII,</span> <span class='ocrx_word' id='word_1_90' title='bbox 872 1136 935 1202; x_wconf 81' lang='lat'>845</span> <span class='ocrx_word' id='word_1_91' title='bbox 951 1137 991 1212; x_wconf 88' lang='lat' dir='ltr'>n,</span> <span class='ocrx_word' id='word_1_92' title='bbox 1014 1136 1078 1201; x_wconf 77' lang='grc'>866</span> <span class='ocrx_word' id='word_1_93' title='bbox 1094 1134 1126 1219; x_wconf 81' lang='lat' dir='ltr'>G,</span> <span class='ocrx_word' id='word_1_94' title='bbox 1150 1136 1212 1202; x_wconf 72' lang='grc'>888</span> <span class='ocrx_word' id='word_1_95' title='bbox 1229 1135 1267 1212; x_wconf 84' lang='grc' dir='ltr'>ί),</span> <span class='ocrx_word' id='word_1_96' title='bbox 1291 1135 1353 1200; x_wconf 87' lang='grc'>936</span> <span class='ocrx_word' id='word_1_97' title='bbox 1369 1135 1407 1215; x_wconf 87' lang='lat' dir='ltr'>D,</span> 
     </span>
     <span class='ocr_line' id='line_1_10' title="bbox 176 1237 1408 1324; baseline -0.005 -16"><span class='ocrx_word' id='word_1_98' title='bbox 176 1243 270 1308; x_wconf 83' lang='lat' dir='ltr'>tituli</span> <span class='ocrx_word' id='word_1_99' title='bbox 292 1241 375 1320; x_wconf 80' lang='lat' dir='ltr'>Ohii,</span> <span class='ocrx_word' id='word_1_100' title='bbox 410 1259 501 1324; x_wconf 88' lang='lat' dir='ltr'>quem</span> <span class='ocrx_word' id='word_1_101' title='bbox 524 1240 738 1308; x_wconf 82' lang='lat' dir='ltr'>Houssoullier</span> <span class='ocrx_word' id='word_1_102' title='bbox 759 1239 869 1304; x_wconf 80' lang='lat' dir='ltr'>edidit</span> <span class='ocrx_word' id='word_1_103' title='bbox 894 1239 1054 1305; x_wconf 70' lang='lat' dir='ltr'>:Bulletin</span> <span class='ocrx_word' id='word_1_104' title='bbox 1085 1239 1122 1304; x_wconf 92' lang='lat' dir='ltr'>de</span> <span class='ocrx_word' id='word_1_105' title='bbox 1150 1237 1408 1320; x_wconf 86' lang='lat' dir='ltr'>eorrespondenoo</span> 
     </span>
     <span class='ocr_line' id='line_1_11' title="bbox 182 1341 1408 1428; baseline -0.003 -19"><span class='ocrx_word' id='word_1_106' title='bbox 182 1341 385 1427; x_wconf 75' lang='lat' dir='ltr'>Heheniquee</span> <span class='ocrx_word' id='word_1_107' title='bbox 407 1345 458 1410; x_wconf 95' lang='lat' dir='ltr'>III</span> <span class='ocrx_word' id='word_1_108' title='bbox 472 1365 501 1428; x_wconf 89' lang='lat' dir='ltr'>p.</span> <span class='ocrx_word' id='word_1_109' title='bbox 519 1344 597 1424; x_wconf 73' lang='lat'>244,</span> <span class='ocrx_word' id='word_1_110' title='bbox 620 1362 666 1410; x_wconf 86' lang='lat' dir='ltr'>vs.</span> <span class='ocrx_word' id='word_1_111' title='bbox 685 1344 725 1408; x_wconf 84' lang='lat'>13</span> <span class='ocrx_word' id='word_1_112' title='bbox 744 1341 850 1426; x_wconf 73' lang='grc' dir='ltr'>[ἔείτιν</span> <span class='ocrx_word' id='word_1_113' title='bbox 873 1345 909 1408; x_wconf 77' lang='grc' dir='ltr'>δὲ</span> <span class='ocrx_word' id='word_1_114' title='bbox 923 1343 956 1424; x_wconf 88' lang='grc' dir='ltr'>ἡ]</span> <span class='ocrx_word' id='word_1_115' title='bbox 973 1343 1042 1419; x_wconf 84' lang='grc' dir='ltr'>ἀξίη</span> <span class='ocrx_word' id='word_1_116' title='bbox 1065 1343 1317 1421; x_wconf 81' lang='grc' dir='ltr'>πεντακιιχιλίυιν</span> <span class='ocrx_word' id='word_1_117' title='bbox 1339 1361 1408 1406; x_wconf 86' lang='grc' dir='ltr'>ετα-</span> 
     </span>
     <span class='ocr_line' id='line_1_12' title="bbox 181 1447 345 1533; baseline 0.03 -7"><span class='ocrx_word' id='word_1_118' title='bbox 181 1447 345 1533; x_wconf 53' lang='lat' dir='ltr'>septum).</span> 
     </span>
    </p>

    <p class='ocr_par' dir='ltr' id='par_1_5' title="bbox 172 1548 1405 3074">
     <span class='ocr_line' id='line_1_13' title="bbox 279 1548 1403 1632; baseline -0.004 -16"><span class='ocrx_word' id='word_1_119' title='bbox 279 1550 398 1630; x_wconf 78' lang='lat' dir='ltr'>Quibus</span> <span class='ocrx_word' id='word_1_120' title='bbox 423 1549 633 1616; x_wconf 77' lang='lat' dir='ltr'>fundamentis</span> <span class='ocrx_word' id='word_1_121' title='bbox 654 1549 764 1632; x_wconf 91' lang='lat' dir='ltr'>positis</span> <span class='ocrx_word' id='word_1_122' title='bbox 787 1553 978 1614; x_wconf 78' lang='lat' dir='ltr'>revertamur</span> <span class='ocrx_word' id='word_1_123' title='bbox 1000 1549 1039 1614; x_wconf 85' lang='lat' dir='ltr'>ad</span> <span class='ocrx_word' id='word_1_124' title='bbox 1052 1548 1267 1614; x_wconf 70' lang='lat' dir='ltr'>Demosthenis</span> <span class='ocrx_word' id='word_1_125' title='bbox 1289 1548 1403 1628; x_wconf 89' lang='lat' dir='ltr'>loonm,</span> 
     </span>
     <span class='ocr_line' id='line_1_14' title="bbox 176 1651 1405 1736; baseline -0.002 -18"><span class='ocrx_word' id='word_1_126' title='bbox 176 1672 270 1736; x_wconf 89' lang='lat' dir='ltr'>quem</span> <span class='ocrx_word' id='word_1_127' title='bbox 292 1671 322 1735; x_wconf 90' lang='lat' dir='ltr'>p.</span> <span class='ocrx_word' id='word_1_128' title='bbox 341 1654 380 1718; x_wconf 83' lang='lat'>31</span> <span class='ocrx_word' id='word_1_129' title='bbox 405 1651 653 1730; x_wconf 82' lang='lat' dir='ltr'>oommemoravi,</span> <span class='ocrx_word' id='word_1_130' title='bbox 676 1651 809 1732; x_wconf 87' lang='lat' dir='ltr'>XXVII,</span> <span class='ocrx_word' id='word_1_131' title='bbox 826 1653 858 1716; x_wconf 81' lang='lat'>7:</span> <span class='ocrx_word' id='word_1_132' title='bbox 886 1653 947 1718; x_wconf 76' lang='lat' dir='ltr'>neit</span> <span class='ocrx_word' id='word_1_133' title='bbox 968 1654 1029 1731; x_wconf 87' lang='grc' dir='ltr'>γὰρ</span> <span class='ocrx_word' id='word_1_134' title='bbox 1052 1653 1109 1731; x_wconf 81' lang='grc' dir='ltr'>τὴν</span> <span class='ocrx_word' id='word_1_135' title='bbox 1131 1651 1304 1731; x_wconf 86' lang='grc' dir='ltr'>ευμμορίαν</span> <span class='ocrx_word' id='word_1_136' title='bbox 1326 1651 1405 1728; x_wconf 78' lang='grc' dir='ltr'>ὑπὲρ</span> 
     </span>
     <span class='ocr_line' id='line_1_15' title="bbox 175 1753 1405 1838; baseline -0.005 -16"><span class='ocrx_word' id='word_1_137' title='bbox 175 1759 254 1838; x_wconf 82' lang='grc' dir='ltr'>ἐμοῦ</span> <span class='ocrx_word' id='word_1_138' title='bbox 288 1756 496 1824; x_wconf 86' lang='grc' dir='ltr'>ευνετάξαντο</span> <span class='ocrx_word' id='word_1_139' title='bbox 518 1757 574 1821; x_wconf 78' lang='grc' dir='ltr'>τὰ(</span> <span class='ocrx_word' id='word_1_140' title='bbox 597 1757 689 1822; x_wconf 86' lang='grc' dir='ltr'>πέντε</span> <span class='ocrx_word' id='word_1_141' title='bbox 712 1757 762 1820; x_wconf 82' lang='grc' dir='ltr'>καὶ</span> <span class='ocrx_word' id='word_1_142' title='bbox 795 1753 891 1822; x_wconf 71' lang='lat' dir='ltr'>eleon</span> <span class='ocrx_word' id='word_1_143' title='bbox 918 1760 1005 1836; x_wconf 71' lang='lat' dir='ltr'>pade*</span> <span class='ocrx_word' id='word_1_144' title='bbox 1030 1755 1235 1820; x_wconf 83' lang='grc' dir='ltr'>πεντακοείαε</span> <span class='ocrx_word' id='word_1_145' title='bbox 1264 1753 1405 1833; x_wconf 82' lang='grc' dir='ltr'>δραχμὰε</span> 
     </span>
     <span class='ocr_line' id='line_1_16' title="bbox 178 1856 1404 1942; baseline -0.007 -15"><span class='ocrx_word' id='word_1_146' title='bbox 178 1861 351 1940; x_wconf 82' lang='grc' dir='ltr'>εἰετρέρεινν</span> <span class='ocrx_word' id='word_1_147' title='bbox 389 1863 482 1941; x_wconf 88' lang='lat' dir='ltr'>atque</span> <span class='ocrx_word' id='word_1_148' title='bbox 520 1861 691 1925; x_wconf 77' lang='lat' dir='ltr'>accuratius</span> <span class='ocrx_word' id='word_1_149' title='bbox 724 1861 787 1924; x_wconf 89' lang='lat' dir='ltr'>iam</span> <span class='ocrx_word' id='word_1_150' title='bbox 821 1861 1027 1942; x_wconf 81' lang='lat' dir='ltr'>exploremus,</span> <span class='ocrx_word' id='word_1_151' title='bbox 1065 1875 1199 1941; x_wconf 84' lang='lat' dir='ltr'>quonam</span> <span class='ocrx_word' id='word_1_152' title='bbox 1234 1856 1355 1921; x_wconf 87' lang='lat' dir='ltr'>ratione</span> <span class='ocrx_word' id='word_1_153' title='bbox 1388 1873 1404 1919; x_wconf 91' lang='lat' dir='ltr'>e</span> 
     </span>
     <span class='ocr_line' id='line_1_17' title="bbox 176 1958 1405 2046; baseline -0.006 -18"><span class='ocrx_word' id='word_1_154' title='bbox 176 1962 379 2028; x_wconf 76' lang='lat' dir='ltr'>facultatibus</span> <span class='ocrx_word' id='word_1_155' title='bbox 402 1961 566 2026; x_wconf 83' lang='lat' dir='ltr'>definItum</span> <span class='ocrx_word' id='word_1_156' title='bbox 589 1963 647 2039; x_wconf 83' lang='lat' dir='ltr'>stt,</span> <span class='ocrx_word' id='word_1_157' title='bbox 679 1961 754 2044; x_wconf 87' lang='lat' dir='ltr'>quid</span> <span class='ocrx_word' id='word_1_158' title='bbox 776 1959 920 2046; x_wconf 88' lang='lat' dir='ltr'>quisque,</span> <span class='ocrx_word' id='word_1_159' title='bbox 952 1981 1022 2027; x_wconf 88' lang='lat' dir='ltr'>oum</span> <span class='ocrx_word' id='word_1_160' title='bbox 1048 1962 1201 2029; x_wconf 87' lang='lat' dir='ltr'>tributum</span> <span class='ocrx_word' id='word_1_161' title='bbox 1224 1958 1405 2042; x_wconf 74' lang='lat' dir='ltr'>exigeretur,</span> 
     </span>
     <span class='ocr_line' id='line_1_18' title="bbox 177 2063 1404 2148; baseline -0.007 -17"><span class='ocrx_word' id='word_1_162' title='bbox 177 2064 317 2131; x_wconf 79' lang='lat' dir='ltr'>conferre</span> <span class='ocrx_word' id='word_1_163' title='bbox 339 2065 473 2130; x_wconf 89' lang='lat' dir='ltr'>deberet.</span> <span class='ocrx_word' id='word_1_164' title='bbox 489 2101 530 2112; x_wconf 88' lang='lat'>-</span> <span class='ocrx_word' id='word_1_165' title='bbox 546 2065 660 2137; x_wconf 84' lang='lat' dir='ltr'>Verba,</span> <span class='ocrx_word' id='word_1_166' title='bbox 682 2083 760 2148; x_wconf 86' lang='lat' dir='ltr'>quae</span> <span class='ocrx_word' id='word_1_167' title='bbox 775 2065 866 2130; x_wconf 90' lang='lat' dir='ltr'>modo</span> <span class='ocrx_word' id='word_1_168' title='bbox 881 2064 1041 2148; x_wconf 75' lang='lat' dir='ltr'>adscripsi,</span> <span class='ocrx_word' id='word_1_169' title='bbox 1065 2069 1096 2130; x_wconf 88' lang='lat' dir='ltr'>st</span> <span class='ocrx_word' id='word_1_170' title='bbox 1111 2063 1260 2129; x_wconf 82' lang='lat' dir='ltr'>sermome</span> <span class='ocrx_word' id='word_1_171' title='bbox 1281 2065 1404 2127; x_wconf 86' lang='lat' dir='ltr'>oontex-</span> 
     </span>
     <span class='ocr_line' id='line_1_19' title="bbox 174 2166 1404 2248; baseline -0.003 -16"><span class='ocrx_word' id='word_1_172' title='bbox 174 2171 226 2232; x_wconf 91' lang='lat' dir='ltr'>tus</span> <span class='ocrx_word' id='word_1_173' title='bbox 253 2207 287 2220; x_wconf 84' lang='lat'>-</span> <span class='ocrx_word' id='word_1_174' title='bbox 313 2167 390 2233; x_wconf 87' lang='lat' dir='ltr'>dieit</span> <span class='ocrx_word' id='word_1_175' title='bbox 413 2166 496 2230; x_wconf 88' lang='lat' dir='ltr'>enim</span> <span class='ocrx_word' id='word_1_176' title='bbox 518 2168 619 2232; x_wconf 85' lang='lat' dir='ltr'>orator</span> <span class='ocrx_word' id='word_1_177' title='bbox 642 2169 671 2246; x_wconf 67' lang='grc' dir='ltr'>ἕ.</span> <span class='ocrx_word' id='word_1_178' title='bbox 695 2169 730 2234; x_wconf 90' lang='lat'>8:</span> <span class='ocrx_word' id='word_1_179' title='bbox 768 2173 913 2247; x_wconf 81' lang='grc' dir='ltr'>ιπριῦτον</span> <span class='ocrx_word' id='word_1_180' title='bbox 935 2171 993 2248; x_wconf 82' lang='grc' dir='ltr'>μὲν</span> <span class='ocrx_word' id='word_1_181' title='bbox 1014 2167 1073 2234; x_wconf 86' lang='grc' dir='ltr'>οῦν</span> <span class='ocrx_word' id='word_1_182' title='bbox 1101 2168 1144 2233; x_wconf 79' lang='lat' dir='ltr'>oc</span> <span class='ocrx_word' id='word_1_183' title='bbox 1166 2166 1404 2244; x_wconf 83' lang='grc' dir='ltr'>ευνετιμήεαντο</span> 
     </span>
     <span class='ocr_line' id='line_1_20' title="bbox 174 2269 1404 2350; baseline -0.004 -14"><span class='ocrx_word' id='word_1_184' title='bbox 174 2273 255 2350; x_wconf 83' lang='grc' dir='ltr'>ὑπὲρ</span> <span class='ocrx_word' id='word_1_185' title='bbox 284 2271 361 2349; x_wconf 85' lang='grc' dir='ltr'>ἐμοῦ</span> <span class='ocrx_word' id='word_1_186' title='bbox 389 2270 506 2348; x_wconf 85' lang='grc' dir='ltr'>ταύτην</span> <span class='ocrx_word' id='word_1_187' title='bbox 532 2270 686 2350; x_wconf 83' lang='grc' dir='ltr'>είτφορῦν</span> <span class='ocrx_word' id='word_1_188' title='bbox 711 2271 754 2337; x_wconf 68' lang='grc' dir='ltr'>εἰ(</span> <span class='ocrx_word' id='word_1_189' title='bbox 776 2274 834 2350; x_wconf 84' lang='grc' dir='ltr'>τήν</span> <span class='ocrx_word' id='word_1_190' title='bbox 857 2273 1042 2350; x_wconf 83' lang='grc' dir='ltr'>τυμμορίαν,</span> <span class='ocrx_word' id='word_1_191' title='bbox 1076 2272 1249 2350; x_wconf 82' lang='grc' dir='ltr'>παρέξομαι</span> <span class='ocrx_word' id='word_1_192' title='bbox 1279 2269 1404 2333; x_wconf 84' lang='grc' dir='ltr'>τούτων</span> 
     </span>
     <span class='ocr_line' id='line_1_21' title="bbox 172 2373 1402 2453; baseline -0.002 -15"><span class='ocrx_word' id='word_1_193' title='bbox 172 2375 352 2453; x_wconf 81' lang='grc' dir='ltr'>μάρτυρατν</span> <span class='ocrx_word' id='word_1_194' title='bbox 379 2377 409 2437; x_wconf 91' lang='lat' dir='ltr'>et</span> <span class='ocrx_word' id='word_1_195' title='bbox 431 2373 462 2450; x_wconf 62' lang='grc'>8.</span> <span class='ocrx_word' id='word_1_196' title='bbox 479 2373 514 2438; x_wconf 87' lang='lat'>9:</span> <span class='ocrx_word' id='word_1_197' title='bbox 551 2377 668 2451; x_wconf 74' lang='grc' dir='ltr'>»δῆλον</span> <span class='ocrx_word' id='word_1_198' title='bbox 691 2375 747 2452; x_wconf 86' lang='grc' dir='ltr'>μὲν</span> <span class='ocrx_word' id='word_1_199' title='bbox 769 2375 878 2440; x_wconf 89' lang='grc' dir='ltr'>τοίνυν</span> <span class='ocrx_word' id='word_1_200' title='bbox 900 2375 950 2439; x_wconf 86' lang='grc' dir='ltr'>καί</span> <span class='ocrx_word' id='word_1_201' title='bbox 973 2375 1010 2439; x_wconf 81' lang='grc' dir='ltr'>ἐκ</span> <span class='ocrx_word' id='word_1_202' title='bbox 1028 2376 1154 2439; x_wconf 84' lang='grc' dir='ltr'>τούτων</span> <span class='ocrx_word' id='word_1_203' title='bbox 1177 2375 1239 2438; x_wconf 76' lang='lat' dir='ltr'>teri</span> <span class='ocrx_word' id='word_1_204' title='bbox 1261 2373 1299 2437; x_wconf 83' lang='grc' dir='ltr'>τὸ</span> <span class='ocrx_word' id='word_1_205' title='bbox 1327 2375 1402 2448; x_wconf 83' lang='grc' dir='ltr'>πλῆ-</span> 
     </span>
     <span class='ocr_line' id='line_1_22' title="bbox 174 2474 1402 2556; baseline -0.004 -16"><span class='ocrx_word' id='word_1_206' title='bbox 174 2481 231 2541; x_wconf 82' lang='grc' dir='ltr'>ῦοε</span> <span class='ocrx_word' id='word_1_207' title='bbox 260 2479 316 2554; x_wconf 86' lang='grc' dir='ltr'>τῆε</span> <span class='ocrx_word' id='word_1_208' title='bbox 346 2474 460 2541; x_wconf 83' lang='grc' dir='ltr'>οῦτίαε.</span> <span class='ocrx_word' id='word_1_209' title='bbox 498 2474 720 2542; x_wconf 79' lang='grc' dir='ltr'>πεντεκαίδεκα</span> <span class='ocrx_word' id='word_1_210' title='bbox 749 2477 913 2542; x_wconf 82' lang='grc' dir='ltr'>ταλάντων</span> <span class='ocrx_word' id='word_1_211' title='bbox 941 2478 1002 2556; x_wconf 87' lang='grc' dir='ltr'>γὰρ</span> <span class='ocrx_word' id='word_1_212' title='bbox 1025 2478 1097 2556; x_wconf 91' lang='grc' dir='ltr'>τρία</span> <span class='ocrx_word' id='word_1_213' title='bbox 1119 2477 1257 2541; x_wconf 85' lang='grc' dir='ltr'>τάλαντα</span> <span class='ocrx_word' id='word_1_214' title='bbox 1277 2475 1402 2552; x_wconf 87' lang='grc' dir='ltr'>τίμημα.</span> 
     </span>
     <span class='ocr_line' id='line_1_23' title="bbox 172 2576 1401 2662; baseline -0.001 -20"><span class='ocrx_word' id='word_1_215' title='bbox 172 2579 291 2657; x_wconf 82' lang='grc' dir='ltr'>ταύτην</span> <span class='ocrx_word' id='word_1_216' title='bbox 313 2578 422 2656; x_wconf 84' lang='grc' dir='ltr'>ἠξίουν</span> <span class='ocrx_word' id='word_1_217' title='bbox 443 2578 596 2658; x_wconf 82' lang='grc' dir='ltr'>εἰεφέρειν</span> <span class='ocrx_word' id='word_1_218' title='bbox 618 2581 675 2658; x_wconf 76' lang='grc' dir='ltr'>τήν</span> <span class='ocrx_word' id='word_1_219' title='bbox 696 2580 869 2660; x_wconf 81' lang='grc' dir='ltr'>εἰετροράνν</span> <span class='ocrx_word' id='word_1_220' title='bbox 893 2617 935 2626; x_wconf 88' lang='grc'>-</span> <span class='ocrx_word' id='word_1_221' title='bbox 957 2581 1035 2646; x_wconf 89' lang='lat' dir='ltr'>mihi</span> <span class='ocrx_word' id='word_1_222' title='bbox 1057 2579 1182 2662; x_wconf 87' lang='lat' dir='ltr'>quidem</span> <span class='ocrx_word' id='word_1_223' title='bbox 1205 2596 1265 2642; x_wconf 90' lang='lat' dir='ltr'>non</span> <span class='ocrx_word' id='word_1_224' title='bbox 1293 2576 1401 2642; x_wconf 88' lang='lat' dir='ltr'>idonea</span> 
     </span>
     <span class='ocr_line' id='line_1_24' title="bbox 173 2681 1402 2765; baseline -0.002 -20"><span class='ocrx_word' id='word_1_225' title='bbox 173 2681 332 2756; x_wconf 85' lang='lat' dir='ltr'>videntur,</span> <span class='ocrx_word' id='word_1_226' title='bbox 360 2681 473 2762; x_wconf 89' lang='lat' dir='ltr'>quihus</span> <span class='ocrx_word' id='word_1_227' title='bbox 493 2682 568 2746; x_wconf 85' lang='lat' dir='ltr'>solio</span> <span class='ocrx_word' id='word_1_228' title='bbox 591 2688 745 2765; x_wconf 91' lang='lat' dir='ltr'>permotos</span> <span class='ocrx_word' id='word_1_229' title='bbox 767 2699 822 2764; x_wconf 89' lang='lat' dir='ltr'>pro</span> <span class='ocrx_word' id='word_1_230' title='bbox 846 2687 930 2749; x_wconf 87' lang='lat' dir='ltr'>oerto</span> <span class='ocrx_word' id='word_1_231' title='bbox 953 2683 1044 2748; x_wconf 80' lang='lat' dir='ltr'>liceat</span> <span class='ocrx_word' id='word_1_232' title='bbox 1065 2700 1119 2747; x_wconf 90' lang='lat' dir='ltr'>nos</span> <span class='ocrx_word' id='word_1_233' title='bbox 1143 2683 1325 2749; x_wconf 81' lang='lat' dir='ltr'>contendere</span> <span class='ocrx_word' id='word_1_234' title='bbox 1348 2682 1402 2744; x_wconf 82' lang='lat' dir='ltr'>ent</span> 
     </span>
     <span class='ocr_line' id='line_1_25' title="bbox 173 2781 1401 2870; baseline -0.002 -22"><span class='ocrx_word' id='word_1_235' title='bbox 173 2781 323 2848; x_wconf 84' lang='lat' dir='ltr'>Boeokhii</span> <span class='ocrx_word' id='word_1_236' title='bbox 346 2787 402 2848; x_wconf 83' lang='lat' dir='ltr'>eut</span> <span class='ocrx_word' id='word_1_237' title='bbox 424 2784 571 2850; x_wconf 87' lang='lat' dir='ltr'>Rodherti</span> <span class='ocrx_word' id='word_1_238' title='bbox 601 2787 805 2869; x_wconf 77' lang='lat' dir='ltr'>sententiam,</span> <span class='ocrx_word' id='word_1_239' title='bbox 837 2803 931 2868; x_wconf 85' lang='lat' dir='ltr'>quem</span> <span class='ocrx_word' id='word_1_240' title='bbox 954 2787 991 2851; x_wconf 89' lang='lat' dir='ltr'>de</span> <span class='ocrx_word' id='word_1_241' title='bbox 1014 2788 1071 2852; x_wconf 90' lang='lat' dir='ltr'>hoo</span> <span class='ocrx_word' id='word_1_242' title='bbox 1101 2787 1169 2851; x_wconf 93' lang='lat' dir='ltr'>looo</span> <span class='ocrx_word' id='word_1_243' title='bbox 1196 2784 1401 2870; x_wconf 84' lang='lat' dir='ltr'>protulerunt,</span> 
     </span>
     <span class='ocr_line' id='line_1_26' title="bbox 174 2888 1400 2976; baseline -0.001 -26"><span class='ocrx_word' id='word_1_244' title='bbox 174 2889 265 2952; x_wconf 88' lang='lat' dir='ltr'>unice</span> <span class='ocrx_word' id='word_1_245' title='bbox 293 2905 400 2952; x_wconf 82' lang='lat' dir='ltr'>rerem</span> <span class='ocrx_word' id='word_1_246' title='bbox 422 2907 502 2971; x_wconf 88' lang='lat' dir='ltr'>esse;</span> <span class='ocrx_word' id='word_1_247' title='bbox 537 2889 691 2956; x_wconf 90' lang='lat' dir='ltr'>neminem</span> <span class='ocrx_word' id='word_1_248' title='bbox 714 2893 796 2956; x_wconf 90' lang='lat' dir='ltr'>enim</span> <span class='ocrx_word' id='word_1_249' title='bbox 819 2892 919 2976; x_wconf 81' lang='lat' dir='ltr'>fugiet</span> <span class='ocrx_word' id='word_1_250' title='bbox 942 2893 1037 2956; x_wconf 86' lang='lat' dir='ltr'>verba</span> <span class='ocrx_word' id='word_1_251' title='bbox 1058 2891 1115 2955; x_wconf 88' lang='lat' dir='ltr'>illa</span> <span class='ocrx_word' id='word_1_252' title='bbox 1137 2888 1283 2972; x_wconf 85' lang='lat' dir='ltr'>eprIoeri</span> <span class='ocrx_word' id='word_1_253' title='bbox 1305 2903 1400 2968; x_wconf 88' lang='lat' dir='ltr'>posse,</span> 
     </span>
     <span class='ocr_line' id='line_1_27' title="bbox 175 2988 1398 3074; baseline -0.001 -20"><span class='ocrx_word' id='word_1_254' title='bbox 175 2990 238 3054; x_wconf 91' lang='lat' dir='ltr'>sive</span> <span class='ocrx_word' id='word_1_255' title='bbox 259 2990 454 3056; x_wconf 85' lang='lat' dir='ltr'>Boeolrthm</span> <span class='ocrx_word' id='word_1_256' title='bbox 482 2993 576 3056; x_wconf 89' lang='lat' dir='ltr'>seouti</span> <span class='ocrx_word' id='word_1_257' title='bbox 605 2992 758 3074; x_wconf 88' lang='lat' dir='ltr'>hominos,</span> <span class='ocrx_word' id='word_1_258' title='bbox 791 2995 899 3074; x_wconf 91' lang='lat' dir='ltr'>quiin</span> <span class='ocrx_word' id='word_1_259' title='bbox 923 2994 1055 3074; x_wconf 87' lang='lat' dir='ltr'>primam</span> <span class='ocrx_word' id='word_1_260' title='bbox 1084 2992 1214 3058; x_wconf 78' lang='lat' dir='ltr'>classem</span> <span class='ocrx_word' id='word_1_261' title='bbox 1237 2988 1398 3070; x_wconf 83' lang='lat' dir='ltr'>oonsoript&#39;</span> 
     </span>
    </p>
   </div>
   <div class='ocr_carea' id='block_1_5' title="bbox 169 3094 1401 3594">
    <p class='ocr_par' dir='ltr' id='par_1_6' title="bbox 169 3094 1401 3594">
     <span class='ocr_line' id='line_1_28' title="bbox 177 3094 1401 3178; baseline 0.001 -23"><span class='ocrx_word' id='word_1_262' title='bbox 177 3094 250 3168; x_wconf 87' lang='lat' dir='ltr'>siut,</span> <span class='ocrx_word' id='word_1_263' title='bbox 271 3112 326 3176; x_wconf 90' lang='lat' dir='ltr'>pro</span> <span class='ocrx_word' id='word_1_264' title='bbox 349 3094 452 3176; x_wconf 89' lang='lat' dir='ltr'>quinis</span> <span class='ocrx_word' id='word_1_265' title='bbox 475 3095 572 3160; x_wconf 87' lang='lat' dir='ltr'>totius</span> <span class='ocrx_word' id='word_1_266' title='bbox 595 3097 639 3160; x_wconf 89' lang='lat' dir='ltr'>rei</span> <span class='ocrx_word' id='word_1_267' title='bbox 662 3095 824 3161; x_wconf 80' lang='lat' dir='ltr'>familiana</span> <span class='ocrx_word' id='word_1_268' title='bbox 847 3096 1000 3161; x_wconf 76' lang='lat' dir='ltr'>drachmis</span> <span class='ocrx_word' id='word_1_269' title='bbox 1023 3095 1163 3178; x_wconf 84' lang='lat' dir='ltr'>singulas</span> <span class='ocrx_word' id='word_1_270' title='bbox 1186 3097 1310 3158; x_wconf 89' lang='lat' dir='ltr'>tantum</span> <span class='ocrx_word' id='word_1_271' title='bbox 1331 3109 1401 3172; x_wconf 90' lang='lat' dir='ltr'>pro-</span> 
     </span>
     <span class='ocr_line' id='line_1_29' title="bbox 175 3179 1399 3281; baseline -0.001 -23"><span class='ocrx_word' id='word_1_272' title='bbox 175 3193 268 3260; x_wconf 81' lang='lat' dir='ltr'>fessos</span> <span class='ocrx_word' id='word_1_273' title='bbox 288 3195 422 3279; x_wconf 85' lang='lat' dir='ltr'>indeque</span> <span class='ocrx_word' id='word_1_274' title='bbox 444 3195 556 3265; x_wconf 90' lang='lat' dir='ltr'>tributi</span> <span class='ocrx_word' id='word_1_275' title='bbox 578 3213 749 3281; x_wconf 86' lang='lat' dir='ltr'>summam,</span> <span class='ocrx_word' id='word_1_276' title='bbox 772 3179 903 3264; x_wconf 85' lang='lat' dir='ltr'>eandem</span> <span class='ocrx_word' id='word_1_277' title='bbox 925 3197 959 3272; x_wconf 88' lang='lat' dir='ltr'>in</span> <span class='ocrx_word' id='word_1_278' title='bbox 981 3199 1102 3264; x_wconf 87' lang='lat' dir='ltr'>eunetis</span> <span class='ocrx_word' id='word_1_279' title='bbox 1125 3195 1275 3262; x_wconf 85' lang='lat' dir='ltr'>elassibus</span> <span class='ocrx_word' id='word_1_280' title='bbox 1297 3194 1399 3260; x_wconf 85' lang='lat' dir='ltr'>faoul·</span> 
     </span>
     <span class='ocr_line' id='line_1_30' title="bbox 172 3298 1398 3382; baseline 0.001 -19"><span class='ocrx_word' id='word_1_281' title='bbox 172 3298 274 3366; x_wconf 86' lang='lat' dir='ltr'>tatum</span> <span class='ocrx_word' id='word_1_282' title='bbox 289 3303 421 3382; x_wconf 89' lang='lat' dir='ltr'>portem,</span> <span class='ocrx_word' id='word_1_283' title='bbox 445 3302 621 3382; x_wconf 82' lang='lat' dir='ltr'>reputatam</span> <span class='ocrx_word' id='word_1_284' title='bbox 637 3320 704 3368; x_wconf 89' lang='lat' dir='ltr'>esse</span> <span class='ocrx_word' id='word_1_285' title='bbox 717 3303 901 3377; x_wconf 78' lang='lat' dir='ltr'>statuamus,</span> <span class='ocrx_word' id='word_1_286' title='bbox 925 3301 990 3366; x_wconf 87' lang='lat' dir='ltr'>sivo</span> <span class='ocrx_word' id='word_1_287' title='bbox 1005 3319 1078 3366; x_wconf 91' lang='lat' dir='ltr'>oum</span> <span class='ocrx_word' id='word_1_288' title='bbox 1092 3301 1248 3368; x_wconf 86' lang='lat' dir='ltr'>Rodherto</span> <span class='ocrx_word' id='word_1_289' title='bbox 1269 3317 1398 3366; x_wconf 86' lang='lat' dir='ltr'>eonsen-</span> 
     </span>
     <span class='ocr_line' id='line_1_31' title="bbox 169 3401 1399 3490; baseline 0.003 -26"><span class='ocrx_word' id='word_1_290' title='bbox 169 3401 284 3466; x_wconf 87' lang='lat' dir='ltr'>tientes</span> <span class='ocrx_word' id='word_1_291' title='bbox 307 3422 323 3466; x_wconf 88' lang='lat' dir='ltr'>e</span> <span class='ocrx_word' id='word_1_292' title='bbox 346 3421 469 3467; x_wconf 85' lang='lat' dir='ltr'>summe</span> <span class='ocrx_word' id='word_1_293' title='bbox 500 3404 559 3470; x_wconf 82' lang='lat' dir='ltr'>illu</span> <span class='ocrx_word' id='word_1_294' title='bbox 579 3406 618 3470; x_wconf 82' lang='lat' dir='ltr'>ab</span> <span class='ocrx_word' id='word_1_295' title='bbox 640 3405 818 3470; x_wconf 90' lang='lat' dir='ltr'>hominibus</span> <span class='ocrx_word' id='word_1_296' title='bbox 851 3405 971 3488; x_wconf 85' lang='lat' dir='ltr'>primae</span> <span class='ocrx_word' id='word_1_297' title='bbox 1002 3406 1110 3472; x_wconf 86' lang='lat' dir='ltr'>elassis</span> <span class='ocrx_word' id='word_1_298' title='bbox 1134 3405 1172 3470; x_wconf 85' lang='lat' dir='ltr'>ad</span> <span class='ocrx_word' id='word_1_299' title='bbox 1195 3406 1399 3490; x_wconf 83' lang='lat' dir='ltr'>mogIstratus</span> 
     </span>
     <span class='ocr_line' id='line_1_32' title="bbox 169 3503 1398 3594; baseline 0.003 -24"><span class='ocrx_word' id='word_1_300' title='bbox 169 3503 305 3584; x_wconf 69' lang='lat' dir='ltr'>deleat</span> <span class='ocrx_word' id='word_1_301' title='bbox 330 3505 485 3572; x_wconf 88' lang='lat' dir='ltr'>tributum</span> <span class='ocrx_word' id='word_1_302' title='bbox 497 3511 543 3573; x_wconf 86' lang='lat' dir='ltr'>ite</span> <span class='ocrx_word' id='word_1_303' title='bbox 554 3525 619 3574; x_wconf 87' lang='lat' dir='ltr'>esse</span> <span class='ocrx_word' id='word_1_304' title='bbox 631 3508 775 3575; x_wconf 81' lang='lat' dir='ltr'>effoetum</span> <span class='ocrx_word' id='word_1_305' title='bbox 790 3510 986 3592; x_wconf 83' lang='lat' dir='ltr'>arbitremur,</span> <span class='ocrx_word' id='word_1_306' title='bbox 1009 3513 1110 3594; x_wconf 58' lang='lat' dir='ltr'>ut‘pro</span> <span class='ocrx_word' id='word_1_307' title='bbox 1123 3509 1228 3594; x_wconf 86' lang='lat' dir='ltr'>quinis</span> <span class='ocrx_word' id='word_1_308' title='bbox 1242 3509 1398 3574; x_wconf 84' lang='lat' dir='ltr'>droohmIs</span> 
     </span>
    </p>
   </div>
   <div class='ocr_carea' id='block_1_6' title="bbox 170 3639 374 3652">
    <p class='ocr_par' dir='ltr' id='par_1_7' title="bbox 170 3639 374 3652">
     <span class='ocr_line' id='line_1_33' title="bbox 170 3639 374 3652; baseline 0.01 -4"><span class='ocrx_word' id='word_1_309' title='bbox 170 3639 374 3652; x_wconf 77' lang='grc'>----..-......</span> 
     </span>
    </p>
   </div>
   <div class='ocr_carea' id='block_1_7' title="bbox 159 3691 1398 4530">
    <p class='ocr_par' dir='ltr' id='par_1_8' title="bbox 165 3691 1398 4282">
     <span class='ocr_line' id='line_1_34' title="bbox 273 3691 1398 3765; baseline 0.005 -19"><span class='ocrx_word' id='word_1_310' title='bbox 273 3694 294 3761; x_wconf 89' lang='lat'>¹)</span> <span class='ocrx_word' id='word_1_311' title='bbox 312 3691 351 3746; x_wconf 84' lang='lat' dir='ltr'>Ex</span> <span class='ocrx_word' id='word_1_312' title='bbox 363 3693 518 3763; x_wconf 87' lang='lat' dir='ltr'>quaestione</span> <span class='ocrx_word' id='word_1_313' title='bbox 535 3693 612 3750; x_wconf 88' lang='lat' dir='ltr'>modo</span> <span class='ocrx_word' id='word_1_314' title='bbox 624 3695 658 3750; x_wconf 84' lang='lat' dir='ltr'>ed</span> <span class='ocrx_word' id='word_1_315' title='bbox 669 3695 754 3750; x_wconf 87' lang='lat' dir='ltr'>finem</span> <span class='ocrx_word' id='word_1_316' title='bbox 767 3697 895 3765; x_wconf 80' lang='lat' dir='ltr'>perducta</span> <span class='ocrx_word' id='word_1_317' title='bbox 914 3697 1085 3751; x_wconf 84' lang='lat' dir='ltr'>manifestum</span> <span class='ocrx_word' id='word_1_318' title='bbox 1103 3697 1136 3751; x_wconf 90' lang='lat' dir='ltr'>fit</span> <span class='ocrx_word' id='word_1_319' title='bbox 1152 3699 1224 3751; x_wconf 82' lang='lat' dir='ltr'>reete</span> <span class='ocrx_word' id='word_1_320' title='bbox 1242 3713 1283 3752; x_wconf 88' lang='lat' dir='ltr'>me</span> <span class='ocrx_word' id='word_1_321' title='bbox 1296 3698 1398 3763; x_wconf 71' lang='lat' dir='ltr'>fecisse,</span> 
     </span>
     <span class='ocr_line' id='line_1_35' title="bbox 167 3776 1396 3852; baseline 0.007 -22"><span class='ocrx_word' id='word_1_322' title='bbox 167 3793 229 3830; x_wconf 89' lang='lat' dir='ltr'>oum</span> <span class='ocrx_word' id='word_1_323' title='bbox 247 3776 319 3831; x_wconf 92' lang='lat' dir='ltr'>nihil</span> <span class='ocrx_word' id='word_1_324' title='bbox 337 3778 427 3833; x_wconf 79' lang='lat' dir='ltr'>ourani</span> <span class='ocrx_word' id='word_1_325' title='bbox 446 3779 621 3834; x_wconf 83' lang='lat' dir='ltr'>Hnellmenni</span> <span class='ocrx_word' id='word_1_326' title='bbox 639 3780 798 3850; x_wconf 76' lang='lat' dir='ltr'>opinionem,</span> <span class='ocrx_word' id='word_1_327' title='bbox 822 3783 869 3852; x_wconf 90' lang='lat' dir='ltr'>qui</span> <span class='ocrx_word' id='word_1_328' title='bbox 887 3783 1001 3850; x_wconf 81' lang='lat' dir='ltr'>(Grieeh.</span> <span class='ocrx_word' id='word_1_329' title='bbox 1022 3782 1288 3850; x_wconf 77' lang='lat' dir='ltr'>llenhwhrdigheiten</span> <span class='ocrx_word' id='word_1_330' title='bbox 1307 3799 1332 3852; x_wconf 90' lang='lat' dir='ltr'>p.</span> <span class='ocrx_word' id='word_1_331' title='bbox 1352 3785 1396 3849; x_wconf 81' lang='lat'>59)</span> 
     </span>
     <span class='ocr_line' id='line_1_36' title="bbox 166 3861 1396 3939; baseline 0.004 -23"><span class='ocrx_word' id='word_1_332' title='bbox 166 3861 370 3932; x_wconf 82' lang='lat' dir='ltr'>nem.xxv11‚</span> <span class='ocrx_word' id='word_1_333' title='bbox 389 3865 406 3918; x_wconf 90' lang='lat'><strong>9</strong></span> <span class='ocrx_word' id='word_1_334' title='bbox 425 3866 638 3935; x_wconf 80' lang='grc' dir='ltr'>[πεντεκαίδεκα</span> <span class='ocrx_word' id='word_1_335' title='bbox 661 3869 812 3924; x_wconf 83' lang='grc' dir='ltr'>ταλάντων</span> <span class='ocrx_word' id='word_1_336' title='bbox 836 3870 901 3939; x_wconf 82' lang='grc' dir='ltr'>τρία</span> <span class='ocrx_word' id='word_1_337' title='bbox 925 3871 1053 3924; x_wconf 83' lang='grc' dir='ltr'>τάλαντα</span> <span class='ocrx_word' id='word_1_338' title='bbox 1075 3869 1196 3939; x_wconf 88' lang='grc' dir='ltr'>τίμημα]</span> <span class='ocrx_word' id='word_1_339' title='bbox 1219 3869 1273 3922; x_wconf 83' lang='lat' dir='ltr'>trie</span> <span class='ocrx_word' id='word_1_340' title='bbox 1291 3869 1396 3922; x_wconf 78' lang='lat' dir='ltr'>talentu</span> 
     </span>
     <span class='ocr_line' id='line_1_37' title="bbox 167 3949 1396 4022; baseline 0.006 -21"><span class='ocrx_word' id='word_1_341' title='bbox 167 3949 268 4002; x_wconf 86' lang='lat' dir='ltr'>tributi</span> <span class='ocrx_word' id='word_1_342' title='bbox 286 3965 418 4004; x_wconf 84' lang='lat' dir='ltr'>summam</span> <span class='ocrx_word' id='word_1_343' title='bbox 436 3953 575 4022; x_wconf 82' lang='lat' dir='ltr'>Intellegit</span> <span class='ocrx_word' id='word_1_344' title='bbox 593 3954 620 4007; x_wconf 94' lang='lat' dir='ltr'>iu</span> <span class='ocrx_word' id='word_1_345' title='bbox 639 3958 805 4008; x_wconf 81' lang='lat' dir='ltr'>antecessum</span> <span class='ocrx_word' id='word_1_346' title='bbox 824 3955 881 4010; x_wconf 83' lang='lat' dir='ltr'>dati</span> <span class='ocrx_word' id='word_1_347' title='bbox 899 3957 1003 4010; x_wconf 84' lang='lat' dir='ltr'>diosus:</span> <span class='ocrx_word' id='word_1_348' title='bbox 1028 3957 1078 4009; x_wconf 69' lang='lat' dir='ltr'>„So</span> <span class='ocrx_word' id='word_1_349' title='bbox 1096 3957 1168 4009; x_wconf 84' lang='lat' dir='ltr'>laun</span> <span class='ocrx_word' id='word_1_350' title='bbox 1187 3955 1254 4008; x_wconf 81' lang='lat' dir='ltr'>anuh</span> <span class='ocrx_word' id='word_1_351' title='bbox 1272 3955 1318 4007; x_wconf 88' lang='lat' dir='ltr'>der</span> <span class='ocrx_word' id='word_1_352' title='bbox 1336 3955 1396 4008; x_wconf 85' lang='lat' dir='ltr'>Bei-</span> 
     </span>
     <span class='ocr_line' id='line_1_38' title="bbox 165 4034 1394 4110; baseline 0.007 -24"><span class='ocrx_word' id='word_1_353' title='bbox 165 4036 229 4102; x_wconf 82' lang='lat' dir='ltr'>treg</span> <span class='ocrx_word' id='word_1_354' title='bbox 248 4051 308 4088; x_wconf 83' lang='lat' dir='ltr'>num</span> <span class='ocrx_word' id='word_1_355' title='bbox 321 4034 476 4102; x_wconf 85' lang='lat' dir='ltr'>Vorsohuss,</span> <span class='ocrx_word' id='word_1_356' title='bbox 496 4053 528 4091; x_wconf 85' lang='lat' dir='ltr'>zu</span> <span class='ocrx_word' id='word_1_357' title='bbox 547 4035 608 4093; x_wconf 88' lang='lat' dir='ltr'>dem</span> <span class='ocrx_word' id='word_1_358' title='bbox 626 4039 668 4094; x_wconf 89' lang='lat' dir='ltr'>ein</span> <span class='ocrx_word' id='word_1_359' title='bbox 687 4038 776 4094; x_wconf 81' lang='lat' dir='ltr'>oberer</span> <span class='ocrx_word' id='word_1_360' title='bbox 794 4041 947 4110; x_wconf 69' lang='lat' dir='ltr'>Symmorit,</span> <span class='ocrx_word' id='word_1_361' title='bbox 966 4044 994 4095; x_wconf 92' lang='lat' dir='ltr'>in</span> <span class='ocrx_word' id='word_1_362' title='bbox 1011 4040 1170 4098; x_wconf 81' lang='lat' dir='ltr'>Sonderheit</span> <span class='ocrx_word' id='word_1_363' title='bbox 1186 4041 1259 4093; x_wconf 84' lang='lat' dir='ltr'>einer</span> <span class='ocrx_word' id='word_1_364' title='bbox 1276 4053 1326 4093; x_wconf 83' lang='lat' dir='ltr'>von</span> <span class='ocrx_word' id='word_1_365' title='bbox 1345 4041 1394 4095; x_wconf 83' lang='lat' dir='ltr'>den</span> 
     </span>
     <span class='ocr_line' id='line_1_39' title="bbox 167 4117 1394 4194; baseline 0.008 -22"><span class='ocrx_word' id='word_1_366' title='bbox 167 4117 352 4174; x_wconf 88' lang='lat' dir='ltr'>Dreihundert</span> <span class='ocrx_word' id='word_1_367' title='bbox 375 4121 431 4176; x_wconf 86' lang='lat' dir='ltr'>sioh</span> <span class='ocrx_word' id='word_1_368' title='bbox 449 4123 623 4194; x_wconf 76' lang='lat' dir='ltr'>ahgesohttzt</span> <span class='ocrx_word' id='word_1_369' title='bbox 641 4125 704 4190; x_wconf 88' lang='lat' dir='ltr'>hat,</span> <span class='ocrx_word' id='word_1_370' title='bbox 729 4125 817 4180; x_wconf 85' lang='lat' dir='ltr'>diesen</span> <span class='ocrx_word' id='word_1_371' title='bbox 837 4125 941 4180; x_wconf 76' lang='lat' dir='ltr'>Numen</span> <span class='ocrx_word' id='word_1_372' title='bbox 960 4128 1027 4193; x_wconf 84' lang='lat' dir='ltr'>(soll.</span> <span class='ocrx_word' id='word_1_373' title='bbox 1047 4126 1251 4194; x_wconf 82' lang='lat' dir='ltr'>SteneroapItal,</span> <span class='ocrx_word' id='word_1_374' title='bbox 1276 4127 1394 4194; x_wconf 85' lang='grc' dir='ltr'>τίμημα)</span> 
     </span>
     <span class='ocr_line' id='line_1_40' title="bbox 167 4205 1223 4282; baseline 0.008 -24"><span class='ocrx_word' id='word_1_375' title='bbox 167 4205 280 4274; x_wconf 76' lang='lat' dir='ltr'>gefhhrt</span> <span class='ocrx_word' id='word_1_376' title='bbox 297 4205 409 4260; x_wconf 75' lang='lat' dir='ltr'>haben.u</span> <span class='ocrx_word' id='word_1_377' title='bbox 431 4209 500 4275; x_wconf 82' lang='lat' dir='ltr'>Quid</span> <span class='ocrx_word' id='word_1_378' title='bbox 519 4212 589 4263; x_wconf 91' lang='lat' dir='ltr'>euim</span> <span class='ocrx_word' id='word_1_379' title='bbox 609 4211 660 4265; x_wconf 88' lang='lat' dir='ltr'>hoo</span> <span class='ocrx_word' id='word_1_380' title='bbox 677 4227 774 4265; x_wconf 85' lang='lat' dir='ltr'>munus</span> <span class='ocrx_word' id='word_1_381' title='bbox 791 4211 826 4264; x_wconf 84' lang='lat' dir='ltr'>ed</span> <span class='ocrx_word' id='word_1_382' title='bbox 845 4211 1051 4267; x_wconf 86' lang='lat' dir='ltr'>Demosthenem</span> <span class='ocrx_word' id='word_1_383' title='bbox 1069 4213 1223 4282; x_wconf 74' lang='lat' dir='ltr'>pupillum?</span> 
     </span>
    </p>

    <p class='ocr_par' dir='ltr' id='par_1_9' title="bbox 159 4289 1394 4530">
     <span class='ocr_line' id='line_1_41' title="bbox 271 4289 1394 4367; baseline 0.008 -24"><span class='ocrx_word' id='word_1_384' title='bbox 271 4292 292 4360; x_wconf 85' lang='lat'>²)</span> <span class='ocrx_word' id='word_1_385' title='bbox 311 4289 425 4348; x_wconf 84' lang='lat' dir='ltr'>Etiamsi</span> <span class='ocrx_word' id='word_1_386' title='bbox 438 4294 492 4348; x_wconf 89' lang='lat' dir='ltr'>iam</span> <span class='ocrx_word' id='word_1_387' title='bbox 507 4296 689 4365; x_wconf 79' lang='lat' dir='ltr'>oognovam,</span> <span class='ocrx_word' id='word_1_388' title='bbox 707 4297 775 4350; x_wconf 85' lang='lat' dir='ltr'>hano</span> <span class='ocrx_word' id='word_1_389' title='bbox 791 4313 924 4352; x_wconf 86' lang='lat' dir='ltr'>summam</span> <span class='ocrx_word' id='word_1_390' title='bbox 941 4300 1052 4353; x_wconf 91' lang='lat' dir='ltr'>minime</span> <span class='ocrx_word' id='word_1_391' title='bbox 1068 4298 1172 4352; x_wconf 83' lang='lat' dir='ltr'>reditus</span> <span class='ocrx_word' id='word_1_392' title='bbox 1190 4315 1292 4352; x_wconf 85' lang='lat' dir='ltr'>annuos</span> <span class='ocrx_word' id='word_1_393' title='bbox 1311 4299 1394 4367; x_wconf 81' lang='lat' dir='ltr'>eooipi</span> 
     </span>
     <span class='ocr_line' id='line_1_42' title="bbox 164 4375 1394 4453; baseline 0.01 -25"><span class='ocrx_word' id='word_1_394' title='bbox 164 4391 256 4444; x_wconf 82' lang='lat' dir='ltr'>posse,</span> <span class='ocrx_word' id='word_1_395' title='bbox 283 4375 475 4448; x_wconf 80' lang='lat' dir='ltr'>investigemus</span> <span class='ocrx_word' id='word_1_396' title='bbox 498 4383 613 4449; x_wconf 86' lang='lat' dir='ltr'>oportet,</span> <span class='ocrx_word' id='word_1_397' title='bbox 642 4397 706 4436; x_wconf 90' lang='lat' dir='ltr'>num</span> <span class='ocrx_word' id='word_1_398' title='bbox 730 4383 812 4436; x_wconf 85' lang='lat' dir='ltr'>etium</span> <span class='ocrx_word' id='word_1_399' title='bbox 835 4384 917 4451; x_wconf 86' lang='lat' dir='ltr'>ratio,</span> <span class='ocrx_word' id='word_1_400' title='bbox 945 4401 998 4453; x_wconf 83' lang='lat' dir='ltr'>que</span> <span class='ocrx_word' id='word_1_401' title='bbox 1020 4383 1154 4438; x_wconf 83' lang='lat' dir='ltr'>tributum</span> <span class='ocrx_word' id='word_1_402' title='bbox 1172 4384 1319 4450; x_wconf 26' lang='lat' dir='ltr'>,definitum</span> <span class='ocrx_word' id='word_1_403' title='bbox 1337 4401 1394 4440; x_wconf 77' lang='lat' dir='ltr'>esse</span> 
     </span>
     <span class='ocr_line' id='line_1_43' title="bbox 159 4459 833 4530; baseline 0.013 -17"><span class='ocrx_word' id='word_1_404' title='bbox 159 4459 317 4516; x_wconf 79' lang='lat' dir='ltr'>Rodbertus</span> <span class='ocrx_word' id='word_1_405' title='bbox 335 4466 448 4530; x_wconf 87' lang='lat' dir='ltr'>censuit,</span> <span class='ocrx_word' id='word_1_406' title='bbox 466 4465 610 4522; x_wconf 70' lang='lat' dir='ltr'>obhorreat</span> <span class='ocrx_word' id='word_1_407' title='bbox 629 4485 645 4522; x_wconf 88' lang='lat' dir='ltr'>a</span> <span class='ocrx_word' id='word_1_408' title='bbox 662 4484 725 4524; x_wconf 84' lang='lat' dir='ltr'>vero</span> <span class='ocrx_word' id='word_1_409' title='bbox 744 4484 833 4523; x_wconf 86' lang='lat' dir='ltr'>nosne.</span> 
     </span>
    </p>
   </div>
   <div class='ocr_carea' id='block_1_8' title="bbox 0 0 1620 5044">
    <p class='ocr_par' dir='ltr' id='par_1_10' title="bbox 0 0 1620 5044">
     <span class='ocr_line' id='line_1_44' title="bbox 0 0 1620 5044; baseline 0 5"><span class='ocrx_word' id='word_1_410' title='bbox 0 0 1620 5044; x_wconf 95' lang='lat' dir='ltr'> </span> 
     </span>
    </p>
   </div>
  </div>
 </body>
</html>
