3194 5060
742 243 970 308 -140-

345 433 374 515 5.
396 435 428 500 5.
459 433 629 500 Harmodio
657 433 750 516 atque
772 430 978 514 Aristogitoni
1007 432 1039 496 et
1060 429 1211 497 Chabriae
1234 431 1335 496 etiam
1357 431 1478 496 statuae

247 553 359 600 aeneae
387 535 514 617 positae
535 536 608 600 sunt
619 531 659 616 ¹),
694 553 786 616 quem
807 533 969 611 honorem,
999 551 1187 614 quamquam
1210 550 1245 597 eo
1269 531 1380 598 Conon
1403 551 1477 614 qno·

248 656 306 720 que
342 642 388 704 est
425 638 579 716 adtentus,
624 653 684 702 non
721 655 783 700 una
820 654 890 701 oum
934 635 1134 701 immunitate
1178 635 1251 702 huie
1297 637 1480 720 imperatori

246 741 404 806 decretum
449 759 514 806 esse
554 757 682 804 numero
719 739 833 822 plurali
871 740 1107 818 nenotenarsis,
1151 756 1210 821 quo
1247 739 1480 804 Demosthenes

247 843 315 921 XX,
339 845 517 923 tourins,
541 843 709 925 signifioari
731 845 821 924 puto;
850 844 1010 924 praeterea
1031 841 1219 908 Harmodius
1243 843 1277 906 ot
1301 841 1479 927 Aristogito

245 966 409 1030 eorumque
431 946 548 1031 posteri
569 945 708 1028 praemio
732 944 833 1010 ornati
853 946 928 1010 sunt
947 945 1070 1027 publice
1085 945 1119 1008 in
1133 944 1291 1026 Prytaneo
1310 942 1479 1030 oenandi⁹)

246 1069 282 1116 aa
304 1051 430 1116 sedendi
453 1051 485 1116 in
508 1049 617 1131 primis
647 1048 834 1131 speetaoulis
842 1047 879 1131 ³).
912 1047 1036 1127 Quanta
1066 1065 1138 1113 vero
1161 1049 1242 1130 apud
1265 1047 1479 1112 Athenienses

248 1153 374 1220 illorum
397 1154 497 1237 gloria
518 1153 627 1231 fuerit,
652 1154 767 1234 optime
790 1171 826 1216 ex
848 1170 882 1218 eo
904 1151 1080 1236 intellegas,
1103 1152 1185 1233 quod
1207 1149 1406 1216 carminibus
1429 1168 1478 1214 eos

247 1253 502 1340 praedicabant⁴)
522 1258 614 1338 atque
631 1254 873 1331 constituerunt,
889 1259 934 1334 ut,
951 1253 1005 1336 qui
1020 1255 1258 1337 rempublicam
1274 1254 1478 1320 defendentes

246 1361 399 1426 iacturam
421 1359 575 1438 1001330111,
599 1359 711 1426 iisdem
730 1358 902 1427 honoribus
925 1357 1143 1424 decorarentur
1166 1362 1260 1440 atque
1284 1356 1478 1424 Harmodius

252 1465 283 1528 et
306 1462 525 1548 Aristogiton.

350 1600 378 1682 ό.
403 1600 431 1665 6.
466 1599 531 1664 Neo
552 1598 640 1682 parui
662 1599 771 1664 haberi
792 1617 883 1680 posse
906 1599 1035 1680 merita,
1066 1615 1196 1680 quorum
1225 1615 1317 1664 eausa
1341 1599 1376 1662 in
1400 1599 1476 1663 viros

249 1703 320 1768 illos
344 1703 421 1768 talia
443 1705 625 1767 ornamenta
648 1704 791 1786 congesta
814 1705 902 1779 sunt,
930 1702 1086 1766 neminem
1109 1701 1218 1784 fugiet,
1241 1701 1269 1764 si
1292 1703 1407 1767 haeooe
1430 1720 1476 1765 ra-

249 1805 395 1889 spexerit:
429 1805 633 1870 Harmodium
656 1804 963 1889 Aristogitonemque
993 1806 1101 1869 urbem
1132 1803 1281 1870 liberasse
1312 1803 1475 1888 tyrannis;

245 1907 402 1974 Cononem
423 1907 679 1973 Lacedaemonios
702 1905 826 1988 0010116)
852 1905 1015 1985 derisisse,
1040 1923 1140 1971 eorum
1162 1909 1382 1992 propraetores
1407 1907 1474 1989 (ἁρ-
1571 1891 1572 1894 “

246 2011 373 2092 portic)
399 2029 433 2076 er
449 2009 558 2075 insulis
580 2009 745 2092 pepulisse,
769 2009 962 2074 Athenarum
988 2009 1110 2074 moenia
1133 2009 1363 2088 exaedificasse,
1388 2010 1477 2076 sociis

245 2115 484 2180 Atheniensium
505 2114 685 2180 libertatem
707 2112 882 2178 restituisse
905 2112 1205 2194 fundamentumque
1227 2112 1372 2194 posuisse
1390 2131 1475 2177 sum·

246 2311 449 2320 Μ-

348 2407 369 2470 ¹)
389 2403 635 2472 sanguninem.
653 2403 715 2470 5653
735 2403 810 2458 Dem.
824 2401 882 2467 XX,
896 2401 941 2456 ⁷0:
961 2404 1058 2470 διόπερ
1077 2404 1111 2455 οὐ
1126 2404 1213 2467 μόνον
1233 2404 1316 2472 αὐτῷ
1339 2404 1394 2469 τὴν
1414 2403 1474 2456 ἀτέ-

246 2496 324 2546 λειαν
342 2493 455 2544 ἔδωκαν
474 2489 500 2544 οἱ
518 2491 594 2552 τότε,
613 2489 684 2542 ἀλλὰ
703 2491 748 2542 καῖ
767 2492 874 2555 χαλκῆν
892 2487 988 2542 εἰκόνα
1007 2489 1100 2556 ὥοπερ
1119 2487 1269 2556 Ἁρμοδίου
1290 2491 1338 2542 καὶ
1352 2490 1473 2556 Ἀριττο-

247 2577 377 2643 γείτονος
405 2578 523 2642 ἔετηταν
553 2577 686 2643 πρώτου,
717 2574 826 2630 Luoian.
853 2573 884 2628 de
910 2590 996 2643 paras.
1024 2577 1048 2642 ς.
1071 2574 1105 2628 48
1132 2572 1182 2640 (ed.
1210 2573 1326 2640 Inoob.);
1360 2572 1473 2642 Lycurg.

246 2663 403 2727 11000351,
426 2663 543 2715 Pausan.
561 2659 583 2726 I,
602 2662 626 2726 8,
645 2661 673 2722 o;
693 2659 815 2714 Aesohin.
834 2659 884 2725 ΙΙΙ,
902 2661 966 2716 243:
991 2661 1172 2729 trepidaturos
1192 2662 1226 2726 δὴ
1246 2663 1316 2715 τοὺ(
1337 2659 1474 2719 δικαετάε,

248 2749 273 2803 εἰ
291 2749 464 2814 ἐγίγνωτκον
483 2745 605 2812 Χαβρίαν
624 2749 669 2801 καί
687 2746 850 2814 Ἰφικράτην
867 2749 914 2799 καὶ
931 2737 1084 2812 Τιμόθεον,
1108 2749 1154 2799 καί
1172 2749 1263 2800 πυθοῦ
1283 2749 1351 2814 παρ’
1370 2746 1473 2806 αὐτῶν,

248 2835 294 2888 διὰ
312 2833 339 2886 τί
357 2833 408 2886 τὰ(
427 2833 547 2900 δωρεὰ(
566 2833 664 2886 αὐτοῖο
681 2833 782 2885 thoros
799 2834 846 2884 καῖ
863 2833 915 2885 τὰ(
933 2830 1043 2886 εἰκόνα(
1062 2833 1196 2897 ἔττηταν·
1224 2833 1351 2886 ἅπαντες
1369 2831 1424 2898 γὰρ
1443 2857 1474 2867 -

250 2919 478 2988 ἀποκρινοῦνται,
498 2920 542 2972 ότι
560 2917 666 2987 Χαβρίᾳ
686 2921 736 2984 μὲν
755 2919 800 2972 διὰ
818 2921 873 2984 τὴν
890 2921 955 2987 περί
975 2919 1066 2972 Νάξον
1085 2917 1252 2983 ναυμαχίαν.

351 3008 370 3068 ²)
389 3005 418 3060 Ο.
436 3004 459 3060 Ι.
478 3005 509 3058 A.
528 3004 550 3071 1,
568 3007 599 3072 83
625 3006 687 3058 Din.
707 3005 729 3070 I,
749 3005 811 3060 101:
837 3007 976 3074 περιεῖδε(
1004 3006 1094 3059 αὐτὸν
1119 3007 1151 3059 ἐν
1169 3011 1204 3073 τη
1230 3006 1323 3074 ἀγορᾷ
1351 3007 1473 3071 χαλκοῦν

248 3093 388 3158 εταθέντα
407 3095 453 3145 καί
471 3096 523 3158 τῆ(
541 3092 572 3145 ἑν
590 3097 632 3160 τῷ
652 3092 815 3161 πρυτανείῳ
841 3093 975 3158 τιτήτεωε
997 3093 1227 3157 κεκοινωνηκότα
1244 3097 1306 3146 τοῖτ
1325 3088 1472 3159 Ἁρμοδίου

247 3181 293 3232 καὶ
311 3177 550 3246 Ἀριετογείτονοτ
570 3177 737 3243 (inoperoso
756 3177 827 3231 Isaei
845 3177 878 3242 V,
897 3177 938 3232 47.

354 3263 374 3328 3)
392 3263 461 3317 Isaei
482 3265 511 3328 V,
529 3263 577 3324 47,
596 3262 628 3316 oi.
648 3263 759 3317 Sohoell.
779 3262 869 3317 Herm.
888 3263 934 3326 VI,
953 3262 994 3315 ΙΙ.

351 3350 371 3412 ⁴)
389 3349 464 3402 Deru.
483 3349 556 3414 XIX,
574 3349 638 3404 280:
657 3353 824 3416 ὑπομενεῖτε
840 3379 873 3390 -
886 3351 1085 3418 θρατύβουλον
1099 3379 1132 3387 -
1144 3349 1271 3402 τάλαντα
1292 3349 1361 3402 δέκα
1380 3347 1473 3411 ὠφλη-

248 3437 339 3496 κέναι,
366 3437 412 3486 sui
430 3437 482 3488 τόν
501 3437 551 3501 ἀφ’
570 3435 719 3504 Ἀρμοδίου
747 3439 793 3489 καῖ
811 3439 872 3489 τῶν
890 3436 926 3487 τὰ
946 3436 1049 3500 μέγιετ’
1067 3435 1159 3499 ἀγαθὰ
1178 3436 1252 3500 opor
1272 3432 1472 3502 είργατμένων,

249 3521 298 3574 οὓ(
316 3520 397 3586 νόμῳ
417 3522 498 3574 -εν
517 3522 600 3575 duaci
626 3527 688 3575 τοῖτ
716 3521 802 3590 ἱεροῖο
826 3521 871 3574 ἐπί
894 3527 958 3574 ταῖε
976 3520 1080 3576 eodm<
1104 3521 1234 3575 τπονδῶν
1253 3523 1299 3575 καὶ
1318 3518 1472 3587 κρατήρων
1571 3563 1572 3572 ,

247 3607 403 3660 κοινωνοὺς
421 3606 572 3673 πεποίηεθε
583 3610 629 3661 καί
639 3609 723 3673 ᾄδετε
733 3610 780 3660 καὶ
789 3611 888 3672 τιμδτε
900 3607 928 3660 ἐξ
942 3607 1002 3660 icoo
1015 3614 1076 3661 τοῖε
1089 3610 1179 3675 ἥρωα
1191 3610 1236 3660 καὶ
1246 3611 1308 3660 τοῑτ
1322 3609 1398 3659 θεοῖ(
1409 3603 1472 3659 eto-3

249 3689 606 3758 Schol.Aristoph.Aeharn.
619 3692 683 3745 980:
701 3694 753 3745 τόν
771 3693 921 3759 Ἁρμόδιον
939 3693 1046 3761 ᾷεεται]
1067 3695 1098 3746 ἐν
1115 3699 1179 3746 ταῖε
1198 3697 1258 3747 τῶν
1276 3693 1375 3746 πόνων
1396 3686 1471 3741 covo-

248 3779 307 3830 horr
325 3777 396 3845 ῇδόν
414 3793 442 3829 τι
460 3777 543 3840 μέλος
561 3776 709 3844 Ἁρμοδίου
728 3778 913 3842 καλούμενον,
932 3778 965 3831 οὗ
979 3779 996 3845 ἣ
1011 3780 1082 3847 ἀρχὴ
1105 3778 1241 3844 ’,φίλτατε
1254 3778 1392 3846 Ἀρμόδιε,
1411 3773 1470 3826 οὔτι

248 3878 303 3918 που
321 3862 478 3927 τέθνηκα(ν
498 3863 569 3929 ᾖδον
587 3862 617 3914 δὲ
637 3862 708 3915 αὐτὸ
732 3861 771 3916 sic
789 3863 937 3930 Ἁρμόδιον
962 3867 1008 3917 καὶ
1026 3862 1265 3932 Ἀριττογείτονα,
1294 3865 1333 3916 ὼε
1352 3863 1470 3926 καθῃρη-

247 3949 334 4002 κδταε
357 3950 411 4014 τήν
434 3952 495 4002 τῶν
512 3949 752 4016 Πειειττρατιδιῖιν
776 3950 945 4016 τυραννίδα,
975 3949 1055 4014 1093;
1084 3949 1116 4003 de
1135 3948 1296 4003 carminibus
1314 3949 1343 4000 in
1361 3945 1470 4000 aliorum

247 4032 388 4088 hominum
406 4033 532 4092 honorem
550 4033 665 4087 cantatis
683 4033 716 4090 oi.
735 4033 821 4088 Schol.
841 4035 977 4104 Aristoph.
996 4033 1073 4103 Vesp.
1093 4035 1168 4094 1246.

350 4119 370 4182 ⁵)
390 4118 463 4172 Deru.
491 4117 555 4185 XX,
576 4119 638 4174 159:
666 4121 725 4174 ἀλλ’
752 4121 979 4187 ἀναμνητθέντετ
1002 4149 1038 4160 -·
1060 4125 1112 4187 τῆ(
1131 4121 1329 4186 Δημοφάντου
1360 4118 1467 4181 ττήληει

250 4208 314 4274 περὶ
342 4205 375 4270 ἡ(
403 4207 464 4260 εῖπε
482 4205 629 4274 Φορμίων,
657 4207 724 4276 ἐνῇ
743 4208 901 4275 γέγραπται
928 4211 974 4260 καί
1000 4208 1162 4272 ὀμώμοται,
1190 4207 1225 4260 ἄν
1249 4223 1292 4260 τι(
1311 4205 1426 4269 ἀμύνων
1443 4214 1467 4250 τι

247 4292 323 4358 πάθη
338 4296 373 4357 τῇ
388 4291 572 4362 δημοκρατίᾳ,
590 4293 641 4347 τὰ(
660 4293 749 4346 αὐτὰ(
767 4295 867 4347 δωτειν
886 4294 1004 4360 δωρεάς,
1024 4293 1110 4360 ἅεπερ
1129 4291 1270 4360 Ἁρμοδίῳ
1290 4293 1334 4344 καί
1353 4290 1466 4354 ’epicro-

249 4375 366 4441 γείτονι,
384 4377 617 4445 καταψηφίτατθε
635 4384 687 4432 τοῦ
707 4379 805 4445 νόμου.

353 4463 372 4526 ⁶)
393 4463 454 4516 Diu.
474 4463 496 4527 Ι,
514 4464 555 4518 75.
