3232 5044
637 289 844 354 ,35-

225 478 332 544 Priore
351 479 418 542 looo
434 478 537 542 orator
552 477 782 559 explanaturus,
798 493 858 559 quo
875 477 975 554 modo,
993 475 1021 540 si
1036 478 1075 542 ad
1092 485 1186 540 nares
1202 467 1358 535 instruen-

121 583 182 648 das
205 599 241 648 ao
262 580 384 646 bellum
410 582 581 664 gerendum
603 578 742 662 penuriis
765 597 842 661 opus
866 581 961 658 esset,
996 579 1150 648 tributum
1180 573 1298 661 optime
1325 573 1357 637 in

126 682 269 768 singulos
292 683 432 750 homines
456 681 592 748 divisum
615 682 653 748 iri
676 682 882 758 existimaret,
915 682 1027 748 haeooe
1050 683 1145 750 verba
1165 681 1258 748 feeit:
1292 705 1358 749 ικε-

124 790 231 863 reso,
264 787 400 866 ἐπειδὴ
429 785 475 851 τὸ
499 786 642 866 τίμημά
671 786 750 851 ἐετι
778 788 820 852 τὸ
844 789 911 864 τῆ(
934 785 1064 864 χώραν
1087 784 1359 862 ἑξακντχιλίυνν

130 891 348 970 ταλάντων,
363 887 405 953 ἵν’
421 888 492 968 ὑμῖν
507 889 557 953 καὶ
572 888 612 952 τὰ
627 889 771 968 χρήματα
785 889 805 972 ᾗ
821 889 1057 966 ευντεταγμένα,
1074 890 1217 954 διελεῖν
1238 892 1359 957 τοῦτο

130 995 179 1062 καὶ
203 997 325 1070 nothum
347 990 418 1058 καθ’
442 991 594 1069 ἑξήκοντα
616 990 754 1056 τάλαντα
777 991 891 1056 ἑκατὸν
913 992 1001 1070 μέρη,
1025 989 1112 1058 εἶτα
1140 992 1256 1055 πέντε
1279 991 1358 1067 ἑξη-

127 1095 469 1162 κονταταλαντίαε
502 1093 560 1160 εἰ(
595 1091 762 1172 ἐκάετην
795 1098 874 1158 τῶν
905 1094 1090 1173 μεγάλων
1122 1097 1200 1158 τῶν
1230 1093 1358 1158 εἴκοιι

127 1202 350 1278 ευμμοριῶν
382 1198 661 1274 ἐπικληρῶεαι,
695 1198 764 1276 τήν
787 1199 828 1265 δὲ
852 1199 1069 1277 εομμορίαν
1102 1197 1250 1280 ἑκάετῳ
1284 1200 1359 1262 τῶν

127 1306 260 1382 μερῶν
293 1302 381 1381 μίαν
416 1300 827 1377 ἑξηκονταταλαντίαν
861 1299 1100 1377 ἀποδοῦναι,
1138 1299 1260 1375 ὅπως,
1294 1301 1359 1363 ἐὰν

128 1408 199 1484 μὴν
219 1406 305 1484 ὑμῖν
327 1404 470 1469 ἑκατὸν
493 1404 561 1487 δέῃ
584 1403 774 1482 τριήρων,
797 1405 866 1482 τὴν
887 1404 1148 1482 μὲνδονπάνην
1166 1403 1361 1483 ἑξήκοντα

129 1509 306 1574 τάλαντα
340 1509 518 1588 ιυντελῇ,
552 1505 734 1586 τριήραρχοι
762 1505 790 1569 δ’
813 1504 867 1570 eber
889 1507 1032 1583 δώδεκα,
1067 1507 1136 1572 ἐὰν
1166 1509 1210 1572 δὲ
1232 1513 1358 1574 διακο-

125 1613 233 1685 κίων,
255 1609 475 1690 τριάκοντα
495 1609 783 1693 proprendere
799 1611 866 1686 τήν
882 1610 1063 1690 δαπάνην
1085 1615 1358 1686 torreto-horo,

124 1715 159 1782 ἓξ
181 1715 217 1778 δὲ
241 1714 369 1791 πώματα
395 1716 660 1791 τριηραρχοῦντα,
695 1713 762 1776 ἐὰν
785 1715 829 1778 δὲ
851 1713 1105 1792 τριακοτίαιν,
1139 1713 1358 1793 elnocinus

125 1816 341 1900 ᾗτάλαντα
363 1817 432 1894 τήν
455 1815 637 1894 δαπάνην
665 1817 897 1892 διαλύοντα,
927 1817 1096 1896 τέτταρα
1124 1818 1166 1882 δὲ
1195 1817 1359 1895 (νάματα

127 1922 483 1998 τριηραρχοῦνταν.
528 1916 577 1982 Ne
600 1919 814 1985 universorum
836 1918 962 2001 quidem
990 1918 1185 2002 praediorum
1209 1921 1357 2002 pretium,

126 2041 187 2088 non
210 2022 301 2088 modo
324 2025 406 2086 totas
428 2021 536 2104 populi
558 2020 725 2088 facultates
748 2024 786 2087 τὸ
809 2023 924 2102 τίμημα
945 2026 1000 2100 τῆ(
1019 2024 1124 2102 χώρας
1146 2021 1248 2104 aoaipi
1268 2039 1359 2105 posse

126 2145 142 2190 e
165 2144 306 2190 summae
329 2124 499 2208 exiguitate
522 2124 694 2190 Boeolrhius
705 2125 725 2202 ¹)
751 2124 921 2190 olarlssime
943 2125 1008 2190 iarn
1030 2126 1144 2209 doouit,
1169 2126 1205 2189 ut
1226 2125 1355 2192 mittem

127 2229 343 2312 quaestionem
366 2228 465 2293 denuo
488 2228 663 2293 instituere.
694 2228 743 2292 lle
765 2245 837 2292 vero
860 2225 948 2292 mille
971 2227 1117 2294 dueentos
1140 2228 1280 2310 tautum,
1304 2229 1358 2309 qui

113 2333 159 2396 ‚in
182 2330 368 2413 symmonias
396 2328 560 2413 conseripti
588 2330 667 2408 sint,
701 2330 856 2396 tributum
884 2330 1017 2410 pendere
1039 2330 1181 2400 debuisse
1204 2332 1299 2413 atoue
1322 2349 1358 2397 ex

125 2453 233 2501 eorum
256 2432 461 2501 faoultotibus
484 2432 660 2498 constitisse
682 2451 735 2498 ser
757 2432 813 2499 ille
834 2432 924 2497 milia
946 2432 1136 2498 talentorum
1160 2450 1299 2508 censeas,
1324 2435 1356 2499 in

45 2534 47 2540 ’
125 2537 313 2621 sepositum
330 2536 386 2616 est,
409 2535 497 2620 quod,
522 2536 549 2600 si
566 2535 645 2600 hano
660 2537 835 2617 opinionem
851 2537 1005 2617 probares,
1029 2552 1098 2600 oum
1121 2535 1210 2600 mille
1233 2536 1358 2605 dueenti

124 2657 253 2706 munere
287 2638 388 2704 funoti
422 2639 522 2709 essent
555 2639 680 2705 navium
714 2639 982 2720 instruendorum,
1017 2637 1169 2704 statueres
1192 2639 1356 2720 oportebat

125 2745 166 2808 iis
189 2743 258 2807 unis
282 2740 438 2806 tributum
462 2741 681 2808 eonferendum
704 2743 818 2819 larsem
842 2761 920 2824 quae
943 2761 991 2807 res
1014 2743 1046 2806 et
1067 2742 1135 2825 ipsa
1157 2747 1205 2812 est
1225 2743 1360 2808 ridioula

127 2851 159 2910 et
183 2843 404 2910 Demosthenis
426 2846 527 2916 verbis
560 2845 759 2928 redarguitur
791 2847 925 2915 diluoide
958 2846 1121 2915 referentis
1149 2865 1200 2912 eos
1228 2866 1358 2930 quoque,

127 2950 182 3030 qui
205 2965 276 3028 opes
299 2946 433 3013 minores
456 2949 662 3029 possederint,
691 2967 783 3030 quem
807 2949 920 3030 quibus
942 2949 1088 3032 liturgiae
1111 2949 1160 3014 illi
1182 2949 1357 3031 obligaren-

127 3055 200 3127 tur,
234 3049 377 3130 peauuias
403 3049 445 3119 ed
467 3051 584 3128 bellum
613 3051 783 3134 gerendum
811 3051 952 3118 debuisse
980 3049 1180 3133 pensitareb.
1219 3050 1285 3130 Qua
1313 3072 1358 3126 re,

131 3170 203 3216 oum
220 3151 439 3218 Demosthenes
454 3149 521 3219 illis
544 3170 596 3218 ser
617 3152 747 3216 milibus
768 3151 925 3216 talentum
948 3151 1024 3219 belli
1045 3154 1199 3234 impensas
1222 3153 1358 3226 tolerem

129 3257 185 3320 das
208 3271 271 3321 esse
293 3254 389 3332 dieat,
413 3273 477 3319 una
498 3254 534 3320 fit
557 3253 767 3338 perspicuum,
796 3273 832 3318 ea
852 3255 976 3336 partem
998 3255 1093 3322 fuisse
1115 3255 1161 3320 rei
1183 3254 1357 3335 familiaris,

127 3376 165 3422 er
189 3375 248 3438 qua
269 3358 424 3446 tributum
448 3356 487 3422 ab
511 3357 755 3427 Atheniensibus
780 3357 1000 3433 eonferendum
1023 3358 1234 3426 definiebatur.

232 3459 362 3525 Temere
378 3460 484 3524 eutem
496 3459 629 3525 Bahium
637 3459 662 3542 ³)
681 3460 764 3524 inter
779 3463 817 3527 τὸ
833 3462 948 3540 τίμημα
962 3463 1000 3525 τὸ
1016 3466 1071 3540 τῆι
1087 3462 1193 3541 χώρας
1205 3497 1246 3510 --
1257 3461 1357 3540 lineat,

125 3581 166 3627 ne
190 3561 324 3628 obseura
345 3561 400 3628 fiat
423 3563 604 3650 disputatio,
639 3561 759 3628 Gnaeos
780 3565 874 3630 verba
895 3582 1043 3648 usurpare
1064 3599 1106 3612 -
1130 3564 1162 3629 et
1182 3567 1357 3648 peonniam,

124 3685 219 3750 qnam
257 3667 388 3750 quisque
424 3666 643 3749 profitebatur,
687 3667 840 3735 rationem
883 3669 1105 3748 intercessisse,
1150 3672 1243 3751 atque
1278 3668 1358 3733 illud

124 3769 332 3850 eompoeitum
363 3787 429 3834 esse
458 3770 623 3862 exsensis
654 3775 792 3836 omnium
824 3769 1030 3846 facultatibus
1065 3789 1176 3855 negare
1207 3771 1356 3846 arbitron

124 3873 201 3937 dloit
225 3873 310 3938 enim
332 3891 361 3956 p.
380 3871 455 3964 149:
493 3871 576 3938 nfieri
599 3873 683 3936 oerte
706 3871 793 3938 nullo
816 3875 906 3938 modo
928 3875 1045 3956 potuit,
1077 3877 1112 3938 ut
1135 3872 1190 3938 ille
1211 3890 1358 3939 numerus

123 3973 327 4042 oonfiseretur
343 3975 544 4073 ¹computatis
568 3973 760 4058 singulorum
783 3975 962 4055 εἰεφοραῑε,
992 3992 1122 4058 quarum
1145 3977 1358 4042 universarum

125 4151 330 4162 -ι-ι-ι-φ-ι-ο-ο-υι

230 4252 240 4278 1

229 4251 251 4404 ’ζ
269 4245 627 4399 άλοάά.1ά)λ,69άάιὸᾳάάκονλν
646 4332 673 4388 οἱ
691 4334 801 4387 ἐλάττω
825 4335 992 4401 κεκτημένοι
1016 4337 1068 4387 τοῦ
1088 4332 1272 4402 τριηραρχίαι
1292 4333 1353 4386 ἄξια

124 4421 199 4486 ἔχειν
218 4420 250 4474 ἐν
268 4424 334 4474 sarr
353 4417 499 4486 εἰεφοραῑτ
518 4421 696 4474 conserente
715 4418 754 4474 etc
772 4419 825 4472 τδν
843 4420 976 4486 πόλεμον.
994 4419 1028 4474 of.
1047 4435 1072 4487 p.
1091 4419 1124 4472 22
1141 4421 1169 4474 et
1186 4435 1213 4476 n.
1233 4421 1256 4472 1.

236 4505 256 4572 ³)
276 4505 293 4558 l.
313 4520 334 4559 o.
353 4521 379 4572 p.
399 4504 449 4557 142
467 4518 524 4571 sqq.

1165 4611 1204 4660 3*
