3142 5052
637 284 844 348 ..91..

127 473 186 538 hei
218 471 434 538 lestliehen
464 470 778 554 Gelegenheiten
805 471 1056 556 (ἑετιάεειιλι,
1089 471 1184 538 theils
1205 471 1353 556 Oboregia

128 579 188 642 und
211 573 466 658 Gymnasiarehie
498 574 550 641 bei
583 574 641 640 den
671 574 704 640 in
735 577 793 640 den
815 573 936 640 Demen
968 574 1136 658 geleierten
1157 575 1352 660 Fesmpielen

132 678 184 765 (ef.
207 678 304 745 verbe
326 678 499 757 sequentia:
525 677 588 745 „Zu
611 678 670 743 den
689 677 863 762 Liturgien,
886 678 1128 763 uenigstens
1151 697 1195 744 zu
1218 681 1355 756 denen,

127 783 184 846 die
214 781 279 846 ihr
300 784 374 847 den
395 799 544 865 genuen
567 780 677 848 Steat
699 801 744 846 un
765 779 911 846 leisten
932 798 1056 846 waren
1078 781 1228 867 ernau),
1261 781 1354 848 litur-

127 887 217 968 giam,
242 887 281 950 de
304 900 365 969 qua
387 885 502 969 egitur,
524 885 557 950 in
580 901 616 949 ea
636 883 830 950 referendam
852 901 918 950 esse
938 883 1050 968 ottieie,
1074 903 1153 967 quae
1175 901 1265 950 esua
1287 883 1352 950 eui·

126 1007 181 1071 que
203 988 292 1052 tribu
307 1006 350 1052 ex
373 989 499 1072 ipsius
522 989 764 1054 austeritate
787 986 935 1071 imposita
949 987 1023 1067 sint,
1045 1007 1107 1053 non
1122 988 1156 1052 in
1171 1005 1216 1068 ea,
1241 987 1354 1071 quibus

126 1093 154 1156 in
176 1094 324 1157 eunetem
353 1091 517 1158 eluitetem
540 1089 747 1157 Athenienses
769 1091 834 1156 sint
855 1090 1002 1174 obligati,
1030 1090 1170 1174 nihilque
1192 1083 1355 1174 propterea

129 1195 261 1260 attinere
281 1195 435 1276 adipsum
457 1213 524 1260 rem
545 1194 702 1280 publioam
722 1195 860 1279 putabit.
885 1194 963 1276 Qua
977 1196 1118 1279 opinione
1141 1193 1221 1260 nihil
1243 1195 1353 1261 falsius

131 1317 190 1364 osse
210 1298 295 1364 mihi
317 1297 443 1381 quidem
464 1301 513 1363 est
535 1313 728 1380 persuasum.

223 1401 369 1466 Primum
384 1399 478 1479 enim,
501 1400 652 1483 quidquid
667 1401 706 1466 de
723 1400 868 1486 ehoregia
890 1403 983 1485 atque
1005 1399 1255 1484 gymnasiarehie
1269 1401 1352 1466 uele-

132 1503 190 1585 hat,
223 1507 307 1572 idem
329 1505 519 1588 pertinuisse
543 1505 582 1570 ad
605 1523 718 1570 munus
740 1520 834 1570 eones
857 1505 1023 1572 tribulium
1046 1523 1137 1570 eausa
1160 1504 1353 1570 exornandae

128 1609 244 1676 duobus
269 1607 433 1691 praeeipue
449 1607 668 1674 Demosthenis
690 1607 768 1674 loeis
784 1609 1030 1676 demonstratur:
1053 1605 1201 1688 XXXIX,
1215 1609 1251 1674 7:
1278 1609 1353 1673 urtu'

120 1713 192 1793 ’ἡμῖν
215 1715 238 1793 ἡ
260 1713 351 1778 πόλις
373 1712 509 1779 ἐπιτάξει
530 1713 669 1791 τρόπον,
704 1711 794 1778 ἄντι
816 1715 872 1799 δέῃ
895 1717 1012 1797 ποιεῐν;
1045 1712 1206 1793 ἢοῖεουει
1227 1713 1266 1790 νὴ
1289 1711 1355 1777 Δία

125 1818 152 1882 οἱ
173 1817 310 1898 φυλέται
332 1815 390 1881 τὸν
413 1815 513 1881 αὐτὸν
535 1815 659 1893 τρόπον
680 1814 781 1895 ὅνπερ
804 1818 855 1881 καλ
877 1817 962 1882 τούεΙ
976 1816 1099 1882 ἄλλους.
1127 1815 1246 1881 οὐκοῦν
1267 1815 1355 1880 Μαν-

123 1921 230 1985 τίθεον
252 1918 395 1984 Μαντίου
419 1917 568 1997 Θορίκιον
590 1917 707 1984 oicouci
730 1939 782 1998 με,
817 1917 862 1984 ἂν
884 1920 1060 1998 χορηγὸν
1081 1921 1101 1998 ἢ
1124 1920 1357 1999 γυμναείαρ-

123 2042 193 2101 χον
216 2024 237 2100 ἢ
261 2021 471 2100 ἑετιάτορα
492 2023 512 2100 ἢ
537 2020 594 2087 ἐάν
616 2041 645 2085 τι
666 2024 732 2086 τῶν
761 2019 867 2086 ἄλλων
889 2023 1060 2105 φέρωεινιη
1089 2021 1158 2099 XX,
1183 2019 1240 2086 21:
1264 2022 1358 2088 πόεοι

124 2125 237 2206 δήποτ’
268 2125 342 2191 etde
365 2124 396 2189 oi
420 2123 488 2189 κατ’
518 2123 664 2189 ἐνιαυτὸν
693 2124 751 2188 τὰ(
781 2123 962 2200 ἐγκυκλίου(
993 2125 1187 2203 λειτουργίαι
1217 2127 1357 2205 λειτουρ-

123 2232 268 2305 γοῦντες,
291 2229 459 2306 χορηγοὶ
487 2228 548 2292 καὶ
569 2227 860 2306 γυμναείαρχοι
883 2229 944 2292 καλ
967 2227 1214 2306 ἐετιάτορεε;
1249 2227 1355 2300 ohore·

122 2331 208 2414 giam
232 2331 339 2394 autem
355 2331 386 2394 et
400 2329 690 2413 gymnasiurehiam,
713 2329 773 2394 etsi
795 2347 871 2394 onus
894 2347 1002 2394 earum
1023 2347 1080 2412 per
1101 2325 1203 2395 tribus
1221 2330 1253 2394 in
1269 2329 1352 2396 aives

123 2431 382 2507 distribuebatur,
406 2431 508 2496 offieia
523 2430 630 2510 fuisse,
648 2449 727 2513 quae
742 2429 889 2498 uniuersa
904 2449 952 2496 res
967 2431 1097 2515 publiea
1108 2431 1355 2499 Atheniensibus

123 2534 311 2618 imperabat,
333 2537 365 2598 et
384 2552 419 2598 ex
434 2534 481 2612 iis,
506 2552 584 2616 quae
606 2533 748 2616 disserui,
771 2553 842 2599 eum
864 2534 902 2600 de
925 2533 1071 2618 eboregia
1091 2535 1239 2619 agebam,
1263 2536 1294 2599 et
1316 2554 1353 2599 ex

123 2639 217 2703 hoeoe
241 2638 438 2720 consequitur
459 2636 598 2703 eiusdem
621 2639 751 2702 oratoris
774 2637 857 2704 loeo:
886 2637 972 2720 XXI,
998 2637 1053 2702 13:
1080 2637 1207 2717 ιιέιτειδὴ
1229 2639 1290 2717 γὰρ
1315 2638 1355 2702 οὐ

123 2742 352 2821 καθεετηκότοε
373 2745 513 2822 χορηγοῦ
534 2741 771 2825 τῇΠανδιονίδι
793 2746 879 2826 φυλῇ
902 2742 1010 2821 τρίτον
1025 2741 1097 2807 ἐτοε
1111 2742 1210 2819 τουτί,
1233 2743 1356 2822 παρού-

123 2867 176 2926 cuc
198 2847 237 2912 δὲ
258 2849 314 2924 τῆε
337 2844 510 2922 ἐκκληείαε,
534 2845 575 2910 ἐν
596 2845 616 2929 ᾗ
638 2845 709 2910 τὸν
730 2844 907 2925 ἄρχοντα
930 2845 1169 2924 ἐπικληροῦν
1192 2844 1211 2910 ὁ
1234 2845 1356 2923 νόμοε

124 2953 208 3015 τοῑε
240 2951 376 3029 χοροῑε
405 2949 498 3013 τοὺς
528 2948 701 3026 αὐλητὰ(
722 2948 886 3025 κελεύει,
919 2947 1049 3024 λόγων
1071 2948 1133 3012 καλ
1155 2948 1358 3026 λοιδορίαι

122 3052 373 3131 γιγνομένης,
396 3052 457 3116 καὶ
473 3055 796 3130 κατηγοροῦντο(
810 3055 882 3117 τοῦ
899 3054 968 3132 μὲν
984 3051 1177 3131 ἄρχονται
1191 3054 1267 3116 τῶν
1283 3051 1357 3115 ἐπι-

124 3157 300 3235 μελητῶν
331 3157 397 3234 τῆ(
430 3157 572 3235 φυλῆε,
603 3157 681 3220 τῶν
713 3153 743 3220 b'
765 3154 1005 3235 ἐπιμελητῶν
1038 3158 1108 3220 τοῦ
1144 3153 1356 3234 ἄρχονται,

125 3259 293 3339 παρελθὼν
314 3257 494 3338 ὑπεεχόμην
517 3258 579 3335 ἐγὼ
603 3258 787 3338 χορηγήεειν
809 3257 1008 3336 ἐθελοντήεν.
1045 3257 1193 3338 Quamuis
1214 3255 1273 3321 hae
1293 3244 1357 3322 iam

24 3365 25 3368 ’
125 3360 349 3426 deliberatione
373 3363 404 3425 et
426 3361 509 3441 loeo,
543 3379 636 3443 quern
665 3361 756 3425 modo
784 3359 895 3439 attuli,
930 3362 1019 3426 Dem.
1043 3359 1233 3439 XXXIX?
1265 3360 1357 3444 [τῆν’

124 3464 195 3544 ἡμῖν
216 3464 236 3543 ἡ
259 3463 372 3529 uolet
394 3464 545 3541 ἐπιτάξει,
568 3463 658 3531 ἄντι
680 3466 736 3549 δέη
758 3464 911 3548 ποιεῑνν],
934 3463 1071 3548 liturgia,
1095 3463 1133 3528 de
1156 3481 1216 3546 qua
1237 3466 1356 3528 traete·

125 3584 205 3646 mus,
228 3567 265 3631 ut
281 3564 426 3650 ehoregia
448 3569 540 3650 etque
562 3565 821 3652 gymnasiarohia,
845 3565 1051 3632 Athenienses
1073 3565 1196 3633 funotos
1211 3585 1278 3632 esse
1296 3584 1358 3632 non

124 3673 159 3734 ut
174 3668 319 3750 tribules,
341 3668 395 3734 sed
413 3672 450 3734 ut
465 3669 547 3735 eiues
569 3668 668 3735 totius
690 3671 734 3734 rei
756 3668 901 3751 publieae
924 3665 1006 3734 effici
1027 3672 1147 3754 putem,
1169 3671 1275 3736 tamen
1298 3669 1357 3734 duo

126 3771 413 3855 etiam-prolaturus
428 3790 496 3838 sum
513 3774 707 3857 argumenta,
732 3771 845 3854 quihus
867 3771 926 3836 hoe
947 3771 1098 3837 iudieium
1119 3771 1204 3837 haud
1227 3769 1359 3836 dubium

124 3875 329 3959 relinquetur.
365 3875 509 3943 Primum
542 3876 627 3941 enim
656 3893 728 3940 eum
756 3875 894 3942 oratione
920 3875 1070 3958 Leptinea
1100 3876 1138 3940 de
1166 3893 1203 3939 ea
1233 3874 1357 3937 tautum

125 3979 271 4059 ageretur
291 3977 508 4059 immunitate,
538 3997 615 4060 quae
639 3995 664 4041 a·
679 3980 791 4043 euneta
812 3993 856 4042 re·
869 3976 993 4059 publiea
1016 3980 1048 4042 et
1070 3975 1190 4042 auibus
1213 3976 1356 4058 etpere·

235 4256 256 4318 ¹)
274 4252 314 4308 cf.
333 4250 446 4320 Antiqu.
463 4265 490 4318 p.
507 4249 572 4304 326:
594 4263 694 4317 „neque
711 4247 834 4320 publieae
853 4249 940 4304 solum
956 4247 985 4301 h.
1003 4261 1025 4303 e.
1036 4259 1113 4314 puae
1129 4243 1269 4298 uniuersae
1287 4245 1355 4298 oiri·

123 4339 176 4392 tati
198 4339 413 4406 praestarentur,
432 4335 580 4390 sedetiam
598 4349 664 4404 quae
681 4333 807 4388 tribubus
825 4337 905 4405 atque
922 4335 1000 4404 pagis
1017 4331 1149 4401 singulis,
1167 4329 1255 4386 ueluti
1272 4343 1354 4398 quum

127 4423 205 4492 epulo
218 4422 333 4479 tribules
346 4425 393 4478 aut
405 4423 505 4492 pagani
517 4421 725 4492 excipiebantur,
744 4423 792 4475 aut
804 4421 879 4475 ohori
898 4421 1054 4492 gymuieaue
1072 4417 1217 4474 eertamina
1234 4431 1353 4488 pagana-

127 4507 199 4563 libus
218 4507 291 4563 ludis
310 4508 535 4564 adomabenturs.
