3232 5044
647 243 853 326 ..2η-

135 432 253 498 Deinde
275 431 337 495 huc
358 431 452 496 etiam
476 448 526 496 eos
548 431 631 496 locos
653 430 828 496 referendos
852 448 918 496 esse
940 432 1100 513 extetimo,
1128 435 1241 516 quibus
1265 453 1363 504 norae

134 535 288 600 sociorum
304 533 428 600 nomine
445 533 563 616 aliquos
578 532 725 598 detulisse
742 535 908 599 memoriae
919 535 1061 616 proditur
1072 534 1203 619 (Andoc.
1217 539 1242 617 Ι,
1255 541 1292 604 11
1303 559 1364 624 οη.;

138 637 194 720 15;
212 637 269 713 2ος
286 636 341 719 22;
360 636 416 719 343
439 636 510 719 Lyn,
523 635 579 713 VI,
595 637 654 720 233
677 635 733 712 36;
757 636 846 716 ΧΙΙΙ,
862 637 905 702 55
927 654 989 719 οη.;
1012 638 1098 706 Plut.
1115 641 1170 706 vit.
1187 639 1258 721 XII,
1274 642 1327 721 31,
1344 643 1365 708 2

137 740 199 816 (ed.
216 739 373 817 Beklrer.);
396 739 464 816 XV,
481 739 533 815 21,
548 740 584 816 43
608 739 746 822 Thucyd.
764 740 817 818 Vl,
834 741 884 818 60,
901 742 936 818 3;
953 742 1018 824 27),
1042 745 1074 807 et
1089 760 1271 830 persuasum
1286 745 1364 836 milri

138 846 187 908 est
210 860 321 907 errasse
343 843 558 907 Hermannum
582 843 700 926 (Antip.
723 843 750 926 1,
776 843 850 924 133,
876 844 895 906 3
918 843 957 908 cf.
982 845 1211 913 Westermann.
1237 845 1363 930 linopol.

138 945 225 1010 Paul.
250 944 303 1028 VI,
328 945 345 1008 1
370 964 399 1027 p.
426 944 520 1024 1092)
549 945 728 1027 opinantem
751 964 785 1010 ex
808 945 857 1010 his
887 947 1013 1029 quidem
1041 948 1119 1034 locis
1141 949 1238 1015 evinci
1261 967 1365 1016 servos

134 1067 172 1114 ac
186 1047 366 1132 peregrinos
379 1051 411 1113 iu
424 1048 490 1113 eius
507 1045 591 1113 modi
607 1048 709 1114 causis
724 1049 853 1114 licentia
868 1049 992 1113 demum
1010 1050 1133 1131 publice
1149 1050 1221 1142 data
1236 1051 1365 1118 crimina

136 1150 170 1214 in
193 1150 337 1216 homines
365 1151 504 1233 potuisse
528 1151 659 1229 deferre,
694 1169 771 1234 quae
800 1151 957 1218 sententia
979 1154 1011 1217 et
1033 1153 1133 1218 uerbis
1160 1154 1365 1237 redarguitur,

137 1254 253 1340 quibus
276 1253 339 1318 vim
362 1255 440 1336 legin
463 1253 503 1318 ad
525 1273 592 1319 rem
614 1254 784 1337 spectantis
806 1254 980 1320 Andocides
1003 1257 1126 1340 exponit
1148 1257 1248 1338 1,20:
1272 1259 1323 1324 καὶ
1347 1259 1372 1333 ὁ,

138 1360 242 1438 πατὴρ
258 1357 382 1436 {reiron
400 1357 509 1434 ἀγῶνα
524 1361 672 1422 τοιοῦτον
687 1357 905 1434 ἀγωνίταεθαι,
929 1359 963 1422 ἐν
978 1357 1005 1442 ᾧ
1022 1363 1112 1445 δυοῖν
1127 1363 1195 1426 τοῖν
1209 1361 1369 1440 μεγίετοιν

139 1465 249 1548 roccio
272 1461 331 1527 οὐκ
353 1459 392 1540 ην
415 1463 502 1542 αὐτῷ
518 1459 681 1540 ἁμαρτεῑν;
705 1461 724 1540 ἢ
740 1461 801 1542 γὰρ
818 1461 895 1539 ἐμοῦ
918 1461 1071 1527 δόξαντα(
1086 1463 1126 1525 τὰ
1142 1461 1222 1553 ὄντα
1237 1467 1367 1542 μηνῦεαι

138 1563 206 1656 κατ’
228 1565 350 1630 ἐκείνου
375 1563 428 1628 ὑπ’
452 1565 528 1643 ἐμοῦ
552 1563 742 1638 ἀποθανεῖν,
775 1565 795 1644 ἢ
824 1563 911 1648 αὐτῷ
941 1563 1070 1628 τωθέντι
1099 1565 1154 1643 ἐμὲ
1175 1565 1367 1646 ἀποκτεῖναι·

138 1667 241 1753 ὁγὰρ
263 1667 363 1745 νόμοε
385 1665 490 1731 οὕτω(
513 1665 611 1746 εῖχεν·
634 1667 667 1731 εἰ
694 1670 762 1746 μὲν
790 1666 942 1746 τάληθῆ
963 1667 1146 1746 μηνύεειέ
1168 1688 1240 1744 τις,
1263 1667 1366 1734 εῖναι

139 1772 209 1855 τὴν
232 1769 378 1847 ἄδειαν,
397 1770 424 1834 εἰ
443 1772 479 1835 δὲ
494 1771 533 1835 τὰ
548 1775 662 1849 ψευδῆ,
685 1768 841 1846 τεθνάναι,
864 1771 896 1834 et
911 1768 983 1834 aliis
999 1768 1085 1850 locis,
1109 1769 1222 1852 quibus
1238 1770 1366 1836 disserte

138 1872 312 1937 declaratur
327 1872 549 1954 impunitatem
564 1871 770 1937 Athenienses
782 1871 958 1936 hominibus
971 1871 1035 1936 illis
1047 1872 1177 1958 largitos
1190 1891 1264 1947 esse,
1283 1893 1309 1936 e.
1319 1889 1365 1956 gr.

139 1975 211 2066 Itys.
221 1973 342 2058 v1,43:
359 1975 441 2039 orto
456 1977 544 2052 λέξει,
561 1975 609 2041 ὅτι
621 1977 757 2056 μηνυτὴτ
772 1975 897 2057 ἐγένετο
913 1977 963 2040 καὶ
979 1975 1113 2055 ἕτεροι
1129 1975 1263 2041 οὐδεὶς
1278 1975 1367 2055 ὑμῖν

139 2078 321 2170 ἐθελήεει
354 2080 532 2172 μηνύειν,
566 2081 634 2145 ἐὰν
667 2078 867 2156 κολάζητε.
891 2077 1122 2157 Ἀνδοκίδη(
1148 2082 1192 2144 δὲ
1214 2079 1299 2158 ἔχει
1321 2081 1366 2143 τὰ

139 2184 316 2266 μήνυτρα
333 2181 420 2263 παρ’
435 2182 551 2262 ὑμῶν,
569 2183 691 2248 crocco
705 2184 773 2261 τὴν
789 2182 913 2249 αὑτοῦ
929 2184 1059 2262 ψυχὴν
1074 2183 1193 2263 ἑτέρων
1206 2183 1257 2248 διὰ
1269 2187 1369 2246 ταῦτα

138 2272 387 2366 ἂποθανόντων;
422 2285 574 2352 Andocid.
597 2286 624 2363 I,
650 2285 705 2351 12:
740 2286 873 2363 ἐπειδὴ
905 2288 948 2351 δὲ
972 2285 1230 2370 ἐψηφίεαντο
1261 2286 1367 2370 αὐτῷ

139 2389 208 2466 τὴν
232 2387 384 2465 ἄδειαν,
408 2388 524 2474 ἔλεγεν,
547 2387 595 2453 ὅτι
619 2389 653 2453 ἐν
675 2393 713 2473 τῇ
736 2388 819 2474 οἰκίᾳ
841 2395 879 2474 τῇ
901 2389 1127 2453 Πουλυτίωνοτ
1148 2388 1286 2464 γίγνοιτο
1313 2410 1368 2467 μυ-

139 2491 258 2570 ετήρια.
304 2491 352 2556 Ne
375 2476 443 2574 puis
466 2492 571 2572 autem
593 2489 723 2565 obiciat,
748 2510 871 2556 servum
894 2489 987 2555 illum
1011 2507 1070 2554 non
1093 2491 1195 2572 ipsum
1218 2489 1369 2573 mysteria

141 2593 307 2679 apernisse,
332 2594 427 2659 etiam
444 2611 504 2674 eos,
527 2592 581 2676 qui
596 2593 720 2658 tantum
736 2593 898 2658 audierant
913 2595 1061 2676 mysteria
1076 2593 1247 2674 enuntiata,
1269 2609 1369 2674 poena

139 2697 279 2762 adfectos
295 2714 469 2779 essequam
485 2697 655 2762 clarissime
671 2715 705 2762 eo
720 2696 901 2774 ostenditur,
918 2695 998 2779 quod
1012 2697 1235 2782 Polystratum,
1258 2713 1367 2777 quom-

140 2799 188 2880 uis
210 2817 271 2884 non
293 2800 325 2864 in
349 2817 455 2865 eorum
477 2818 605 2865 numero
620 2800 737 2865 relatus
753 2801 843 2879 essct,
867 2799 920 2883 qui
935 2800 1082 2882 mysteria
1098 2800 1241 2882 fecerant,
1264 2798 1368 2862 tamen

140 2903 274 2969 occisum
298 2909 373 2968 'esse
395 2901 571 2968 Andocides
600 2903 631 2982 ἓ.
658 2905 696 2968 13
719 2902 864 2969 tradidit:
898 2907 1025 2983 πρῶτος
1056 2905 1113 2982 μὲν
1143 2903 1238 2968 οὗτος
1267 2905 1367 2965 ταῦτα

143 3008 273 3084 ἐμήνυεε
304 3008 354 3071 καὶ
388 3006 555 3085 ἀπέγραψε
587 3007 734 3075 τούτους·
767 3005 813 3070 ὡν
840 3004 1064 3084 Πολύττρατοε
1097 3007 1154 3084 μὲν
1188 3005 1366 3081 ευνελήφθη

144 3110 195 3186 καὶ
219 3110 381 3185 ἀπέθανεν,
405 3109 437 3174 οἱ
459 3110 496 3174 δὲ
519 3107 607 3175 ἄλλοι
629 3108 802 3187 φεύγοντες
825 3107 950 3187 ᾤχοντο
973 3108 1024 3171 καὶ
1047 3106 1154 3170 αὐτῶν
1169 3105 1256 3183 ὑμεῖς
1272 3105 1368 3179 θάνα-

144 3231 201 3276 τον
216 3212 389 3288 κατέγνωτε
399 3208 438 3288 ¹);
462 3207 624 3276 excoleris
640 3209 716 3274 locis
733 3207 870 3273 conferas
886 3209 1066 3290 praecipue:
1088 3206 1241 3272 Andocid.
1259 3205 1285 3284 Ι,
1311 3205 1367 3282 15;

144 3313 200 3393 vu
222 3313 279 3399 363
301 3313 392 3396 XIII,
415 3313 473 3396 563
496 3313 581 3378 Plut.
603 3314 660 3379 vlt.
682 3311 754 3391 IIII,
777 3311 829 3389 31,
852 3310 888 3392 23
912 3309 1052 3392 Thucyd.
1072 3309 1128 3392 VI,
1150 3309 1202 3386 θθ,
1226 3305 1291 3387 θ’).

245 3418 428 3483 Praemisais
443 3415 493 3480 hle
509 3417 546 3482 de
560 3414 801 3507 condiciombus,
826 3413 938 3497 quihus
960 3411 1117 3512 tributum
1131 3409 1252 3478 civibus
1268 3411 1368 3491 Athe-

141 3518 303 3588 aiensibus
313 3520 502 3604 imperatum
510 3522 568 3597 est,
577 3519 674 3586 fusius
682 3519 743 3584 iam
753 3518 791 3583 de
800 3505 893 3605 huius
902 3517 1040 3607 muneris
1048 3520 1161 3589 natura
1169 3533 1367 3611 opponamus,

248 3625 347 3701 Reate
373 3623 406 3688 in
434 3622 630 3706 muneribus,
664 3639 743 3703 quae
766 3621 944 3704 angustiore
967 3618 1048 3701 vocis
1070 3607 1195 3704 notione
1216 3620 1288 3696 τέλη
1312 3635 1369 3700 no·v

143 3787 347 3797 ψ

243 3866 263 3930 1)
282 3862 333 3917 Per
358 3874 473 3914 errorem
498 3860 604 3926 lapsum
630 3875 686 3918 esse
704 3858 857 3922 Goetcium,
885 3873 944 3911 oum
962 3856 991 3910 iu
1010 3855 1211 3926 iuterpretando
1238 3854 1286 3907 hoo
1311 3854 1366 3906 loco

140 3949 224 4044 lnDer
240 3929 577 4021 Hermolopidenprocesse
593 3931 664 3999 'enm
686 3931 779 4033 philol.
805 3943 892 4013 suppl.
905 3933 972 3996 vlu
989 3955 1014 4013 p.
1033 3941 1084 3995 553
1109 3956 1136 4022 n.
1156 3935 1182 4010 5]
1207 3938 1370 4021 nectendam

140 4033 277 4104 amplexus
289 4036 331 4088 est
341 4033 375 4088 de
387 4049 450 4088 voce
463 4031 559 4088 ἁδεῖα(
571 4031 605 4086 ab
619 4030 771 4086 Hermanno
784 4029 958 4106 propositam,
976 4024 1096 4081 Blassius
1109 4027 1162 4104 iam
1176 4021 1369 4078 enlmadvertit

140 4119 253 4188 uphem.
272 4117 382 4176 serens.
400 4118 441 4173 ru
460 4118 549 4186 (τοττ)
567 4133 593 4187 p.
613 4116 670 4174 154.
810 4102 815 4113 '
956 4108 959 4122 ⁴
1117 4106 1121 4116 ’

247 4208 267 4275 ²)
286 4204 329 4261 Ab
346 4205 390 4261 his
408 4205 480 4260 vocis
498 4201 654 4258 notionibus
671 4201 727 4256 alic
745 4198 919 4254 discernenda
937 4203 986 4262 est,
1004 4213 1057 4268 qua
1075 4195 1213 4259 sanctiss,
1232 4193 1371 4258 ἀτφάλεια

142 4289 327 4361 algnificatur,
354 4287 428 4350 velut
445 4285 520 4344 Dem.
541 4287 572 4353 V,
591 4293 620 4344 62
647 4287 731 4344 πάλιν
757 4284 869 4347 τοίνυν,
899 4285 922 4338 ὼ
947 4284 1048 4350 ἄνδρες
1066 4279 1220 4360 Ἀθηναῖοι,
1246 4277 1371 4331 κατιδὼν

142 4363 343 4442 Νεοπτόλεμον
360 4376 412 4430 τὸν
431 4376 586 4443 ὑποκριτὴν
604 4379 651 4442 τῷ
675 4359 738 4439 μὲν
761 4373 822 4437 τηε
846 4371 976 4436 τέχνη(
998 4360 1221 4435 τροεχήματι
1244 4363 1374 4430 τυγχά-

141 4465 236 4517 νοντ’
255 4459 378 4518 ἀδεῖαε
395 4463 459 4526 eto.;
477 4461 506 4524 83
525 4457 621 4524 XXIV,
640 4459 682 4514 31.
