3194 5060
609 305 843 370 -123-

104 495 250 558 buerunt
279 492 493 570 triemrehiaee
522 496 556 558 at
576 511 703 575 prorsus
733 492 828 558 aliter
849 511 916 560 ram
938 511 971 558 se
994 491 1141 558 habuisse
1163 498 1213 560 sat
1233 495 1338 563 mani-

106 597 192 662 festo
226 597 316 662 uobis
348 601 395 662 est
424 599 625 674 documento,
660 599 740 679 quod
762 595 915 660 Isocrates
946 595 1019 679 plus
1053 597 1211 682 octogiuta
1242 615 1338 662 aenos

108 704 205 764 uatus
229 701 307 764 huin
323 701 445 766 muneri
467 700 622 784 obligatus
645 704 691 764 est
703 699 738 780 ¹).
766 700 867 763 Immo
889 697 1075 765 immunitas
1097 700 1236 778 illorum,
1259 703 1339 782 quoii

105 802 293 870 Boeekhius·
307 804 392 869 reete
413 804 645 878 animadvertit,
669 804 701 867 iu
717 821 752 867 ee
767 802 871 866 solum
893 805 1066 885 constabat,
1090 802 1172 886 quod
1194 820 1256 870 uon
1276 802 1338 886 ipsi

105 906 271 972 triremem
288 906 545 974 administrantes
560 906 641 972 ballo
656 906 847 971 intererant
863 906 908 970 At
923 906 1055 971 fortasse
1071 907 1186 990 aliquis
1203 904 1337 980 dubitat,

105 1025 149 1072 an
164 1010 294 1091 ‘praetor
316 1009 544 1092 hominesqui
567 1028 599 1074 re
621 1007 771 1077 familiari
794 1008 979 1074 oomminuti
1002 1011 1101 1086 amnt,
1124 1029 1198 1078 roos
1221 1012 1338 1081 ἀδυνά-

5 1133 6 1140 ι
104 1133 176 1176 των
197 1113 330 1194 seriptoi
351 1130 404 1178 sos
427 1112 556 1178 voluerit
579 1111 756 1189 nominare,
786 1113 839 1194 qni
862 1111 1002 1195 graviore
1022 1116 1146 1191 morbo,
1171 1114 1337 1199 quominus

5 1221 6 1252 l
104 1214 171 1297 ipsi
193 1214 375 1280 triemrehia
397 1216 616 1300 fungerentur,
644 1214 794 1298 prohibiti
817 1221 922 1292 erant,
952 1215 1127 1298 iisdemque
1148 1217 1205 1282 hoo
1226 1235 1339 1283 munus

105 1317 147 1381 aa
165 1319 296 1402 tempus
323 1319 367 1382 sit
395 1317 653 1400 condonatum&
689 1337 778 1396 nam,
812 1337 884 1383 enm
913 1319 953 1382 iis
980 1318 1106 1402 quidem
1128 1320 1284 1386 restitutis
1306 1322 1339 1385 iu

46 1423 50 1433 '
104 1421 411 1490 sarlatensium
433 1423 617 1488 triererohia
639 1423 785 1504 imperari
807 1425 929 1506 posset,
953 1441 1015 1488 non
1038 1422 1144 1488 luisse·
1155 1423 1338 1506 perieulum,

4 1563 6 1616 ι
104 1543 145 1589 ne
167 1523 369 1590 immunitate
391 1525 439 1590 his
461 1543 604 1591 concessa
625 1527 724 1590 maior
746 1525 909 1590 exsisteret
930 1527 962 1591 iu
985 1544 1112 1591 munere
1136 1525 1192 1591 illo
1216 1525 1340 1592 ciuibus

102 1627 303 1714 iniungendo
331 1628 490 1711 iniqnitas.
529 1627 589 1693 Sed
614 1628 747 1694 valuerit
769 1629 844 1694 haee
865 1630 915 1695 lex
937 1630 1096 1711 tempure,
1131 1649 1217 1708 oum,
1252 1631 1339 1712 quis·

104 1732 180 1812 quis
203 1731 419 1798 hierarchiam
442 1731 630 1814 susceperat,
652 1731 721 1814 ipse
742 1747 851 1796 nerem
868 1732 1124 1798 administrabat:
1147 1733 1254 1798 λτιιιοιι
1269 1751 1341 1798 ουιιι

4 1903 5 1908 ,
104 1833 354 1920 syntrltrarehia
374 1851 411 1898 ao
433 1835 611 1917 symmoriis
640 1833 798 1898 institutis
821 1837 857 1898 et.
874 1835 1004 1918 probata
1027 1835 1247 1900 Demosthenis
1270 1835 1341 1920 lege

3 1983 4 2000 ι
105 1947 325 2019 nequaquam,
348 1938 402 2020 qui
423 1937 463 2001 td
487 1936 544 2002 hoo
566 1936 711 2002 arlstrieti
732 1941 822 2002 erant
844 1935 996 2014 offitium,
1027 1956 1133 2003 omues
1156 1938 1339 2004 triremibus

103 2056 230 2121 quoque
251 2043 441 2122 praeessent,
464 2038 523 2105 hae
542 2040 666 2123 quidem
689 2041 790 2106 astate
811 2039 949 2122 prefecto
972 2057 1034 2106 nou
1056 2040 1127 2117 luit,
1151 2061 1206 2107 our
1228 2057 1340 2125 aegro·

104 2147 214 2206 torum
228 2135 319 2209 ratio
341 2142 516 2208 haberetur.

193 2245 301 2326 ,Quae
323 2265 394 2312 eum
416 2245 462 2311 itu
483 2248 556 2328 sint,
580 2246 636 2310 illo
659 2245 879 2311 Demosthenis
901 2246 967 2312 loeo
992 2249 1171 2315 ἀδυνάτους
1195 2266 1247 2313 eos
1268 2253 1339 2312 tan-

106 2355 182 2413 tum
199 2348 297 2432 aooipi
312 2349 415 2427 lisere,
438 2350 491 2432 qui
506 2349 624 2415 attritis
639 2349 957 2428 erantiaeultatibue,
979 2351 1150 2416 reotlssime
1165 2351 1340 2418 Boeolrhius

2 2489 3 2494 κ
107 2453 282 2536 perspexit.
304 2505 307 2512 .

157 2563 163 2591 ·’
214 2558 252 2636 αλ
267 2555 337 2620 Iam
349 2556 385 2622 in
401 2575 436 2622 ao
452 2557 510 2633 est,
534 2559 571 2620 ut
584 2557 760 2621 accuratius
780 2556 956 2639 inquiram,
980 2575 1055 2622 num
1076 2558 1172 2624 fuerit
1187 2557 1339 2624 immuni-

103 2663 159 2723 tas
175 2661 334 2724 sacrorum
352 2658 490 2741 (ἀτέλεια
511 2659 619 2739 ἱερῶν)
637 2676 742 2725 neone.
765 2657 974 2744 Boeolhius³)
995 2660 1237 2742 indagassesibi
1254 2660 1338 2726 visus

107 2767 171 2840 est,
195 2779 349 2842 quaenam
371 2763 513 2828 habenda
527 2765 611 2826 esset
632 2762 725 2828 huius
747 2761 878 2845 praemii
898 2766 1021 2841 uatum,
1045 2762 1338 2846 Westermaunus4)

211 2988 334 3052 ²¹)‹lsoor
353 2985 412 3048 XV,
430 2985 460 3039 l:
487 2987 545 3051 ἤδη
563 2985 588 3038 δ’
606 2984 745 3049 ὑπογυίου
774 2995 827 3050 μοι·
846 2989 898 3052 τῆς
921 2989 972 3038 τοο
998 2984 1060 3050 βίου
1083 2989 1221 3052 τελευτῆς
1245 2987 1341 3053 atsur,

108 3076 283 3132 ἀντιδύςεως
306 3073 463 3140 γενομένης
481 3074 545 3140 περὶ
563 3070 748 3140 τριηραρχίας
766 3073 813 3124 καλ
830 3073 894 3139 περὶ
911 3072 1021 3138 ταύτης
1039 3072 1162 3138 ἀγῶνος,
1181 3073 1277 3138 ἔγνων
1296 3077 1342 3126 καὶ

2 3221 3 3226 .
107 3161 323 3226 mtrorarrvtc
342 3160 395 3226 οὐχ
413 3161 491 3214 οὕτω
508 3159 583 3226 πρὸς
603 3175 636 3224 με
655 3157 860 3222 διακειμένους,
889 3159 982 3236 ιλιςττερ
1001 3159 1130 3223 ἤλπιζον·
1157 3159 1195 3223 (5)
1213 3159 1342 3224 ἔγνωςαν

108 3250 183 3315 ἐμὴν
202 3249 347 3312 εἶναιτὴν
365 3242 559 3314 λειτουργίαν;
577 3259 590 3296 e
616 3244 640 3311 ς.
653 3243 684 3296 9;
702 3246 795 3298 ταῦτα
814 3245 844 3296 δὲ
864 3244 1024 3310 διανοηθεὶς
1043 3245 1171 3312 ἔγραφον
1189 3245 1342 3309 τὸνλόγον

108 3338 226 3398 τοῦτον,
245 3333 297 3386 οὐκ
316 3332 459 3396 ἀκμάζων,
479 3329 538 3383 ἀλλ’
557 3331 607 3394 ἔτη
626 3330 757 3398 γεγονὼς
776 3329 828 3385 δύο
846 3331 892 3383 καλ
911 3330 1105 3396 ὁγδοήκοντα;
1129 3333 1153 3399 ᾖ,
1173 3328 1236 3395 145;
1255 3327 1343 3382 Blass.

111 3419 244 3473 „attlsehe
261 3417 381 3471 Beretls.a
401 3415 436 3482 Π,
456 3416 498 3470 66.
569 3417 574 3426 ’

215 3505 235 3569 ²)
254 3503 366 3557 Eosdem
386 3506 508 3573 aegrotos
526 3515 579 3556 nou
597 3503 658 3570 lege
675 3504 792 3564 mattos,
816 3501 929 3555 sedata
947 3505 1042 3570 sponte
1060 3501 1197 3558 interdum
1215 3502 1343 3571 peeuuias

110 3589 258 3646 contulisse
275 3590 317 3643 rel
331 3603 456 3655 armasse,
475 3588 522 3657 qui
540 3587 677 3656 stipendia
694 3588 868 3650 mererentur,
887 3601 967 3655 quam
980 3587 1128 3644 olarisaime
1142 3587 1343 3642 demonstratur

108 3675 205 3746 Lysiae
222 3675 320 3739 XXXI,
339 3675 385 3730 15:
411 3672 610 3728 »ὑπολείπεται
633 3673 734 3727 τοίνυν
753 3673 833 3740 αὐτῷ
853 3673 965 3739 λέγειν,
992 3675 1031 3728 ως
1050 3679 1092 3742 τῷ
1113 3675 1163 3740 μὲν
1182 3675 1290 3739 ςώματι
1308 3676 1344 3727 δι’

111 3763 257 3818 acervata
276 3778 340 3815 τινα
358 3762 518 3828 γενομένην
537 3760 679 3814 ἀδύνατος
697 3759 819 3825 κατέςτη
839 3763 975 3827 βοηθηςαι
994 3759 1033 3815 εἷς
1051 3762 1104 3815 τὸν
1121 3761 1257 3828 Πειραιᾶ,
1287 3759 1343 3813 ἀπὸ

112 3851 142 3904 δὲ
171 3853 230 3902 τῶν
256 3849 448 3915 ὑπαρχόντων
474 3845 717 3912 ἐπαγγειλάμενος
743 3845 832 3899 αὐτὸς
856 3847 874 3911 ἢ
897 3845 1019 3914 χρήματ’
1046 3844 1215 3912 εἰςενεγκελν
1242 3843 1282 3899 εἰς
1308 3845 1343 3896 τὸ

110 3937 217 4002 πλῆθος
235 3936 269 3987 τὸ
287 3935 428 4002 ὑμέτερον
446 3935 464 4000 ἢ
484 3932 594 3992 ὁπλλςαι
612 3932 693 3986 τινὰς
710 3936 771 3985 τῶν
790 3933 896 3984 ἑαυτοῦ
915 3934 1064 3999 δημοτῶν,
1084 3933 1177 4000 ὥςπερ
1193 3934 1241 3984 aul
1260 3931 1339 3983 ἄλλοι

111 4021 209 4074 πολλοὶ
233 4023 293 4073 τῶν
317 4020 441 4072 πολιτῶν
461 4019 543 4072 αὐτοὶ
563 4019 596 4071 οὺ
618 4017 770 4081 δυνάμενοι
790 4021 967 4086 λειτουργεῖν
985 4023 1047 4072 τοῖς
1067 4019 1216 4084 caparrum
1239 4031 1302 4069 uam
1320 4016 1343 4068 si

112 4105 172 4174 lege
184 4103 363 4158 Athenienses
382 4102 593 4167 consttuissent,
612 4106 652 4165 ut,
671 4103 718 4171 qui
730 4102 823 4155 morbo
841 4108 929 4156 essent
941 4103 1050 4168 adtacti,
1069 4101 1196 4172 pecunias
1211 4101 1344 4156 solverent

2 4243 3 4248 ,
112 4191 155 4246 rel
174 4203 254 4246 'arura
280 4191 462 4257 praestarent,
488 4190 578 4242 emtor
595 4188 625 4242 id
642 4203 695 4242 non
722 4187 832 4242 silentio
857 4189 1087 4256 praetermisisset.
1119 4189 1246 4244 Ceterum
1272 4187 1343 4240 hune

111 4277 199 4331 looum
222 4289 269 4343 per
293 4289 409 4330 errorem
428 4272 463 4327 G.¹
482 4273 700 4328 Waohsmuthlus
718 4273 737 4329 l.
756 4289 778 4328 e.
796 4272 832 4336 Π,
850 4274 911 4340 312,
930 4275 963 4328 14
986 4274 1020 4328 aul
1038 4277 1176 4329 senectute
1201 4273 1344 4338 invalidos,

112 4361 144 4416 de
162 4359 269 4430 quibus,
283 4359 340 4416 ‘etsi
357 4375 410 4414 uon
429 4361 498 4422 unis,
516 4361 541 4428 g.
561 4359 594 4413 12
612 4359 713 4428 agitur,
731 4359 866 4427 pertinere
884 4359 994 4414 statuit.

217 4445 631 4516 3)(λοτμ.1ιιεοτ.Ι,1λ3,λλοο.
651 4447 702 4500 eir.
722 4444 784 4499 Ath.
804 4444 827 4509 I,
849 4445 911 4508 1203
932 4444 965 4499 ol.
986 4444 1065 4499 Wolf.
1083 4445 1157 4500 Prol.
1177 4445 1208 4500 71
1219 4461 1242 4499 a.

218 4535 237 4598 ⁴)
255 4533 295 4588 De
313 4531 386 4602 publ.
404 4533 496 4586 honor.
515 4547 539 4600 p.
559 4531 582 4583 9.
