3142 5052
560 273 785 336 ..109„.

81 461 166 543 ἐντῷ
188 459 275 542 νόμῳ
298 458 471 538 διαρρήδην
501 460 599 524 αὐτοῦ
630 463 749 563 μηδένα
777 461 853 539 μήτε
881 464 946 524 τῶν
968 465 1106 526 πολιτῶν
1128 463 1204 542 μήτε
1226 467 1290 526 τῶν

81 563 211 626 ίςοτελῶν
233 563 308 640 μήτε
331 561 395 625 τῶν
423 563 523 628 ξένων
543 561 625 627 εἶναι
647 562 757 642 ἀτελῆ,
780 565 820 643 μὴ
843 567 1004 647 διῃρῆςθαι
1026 567 1062 630 δὲ
1085 565 1163 629 ὅτου
1186 567 1290 643 ἀτελῆ,

79 664 251 742 χορηγίας
272 666 290 742 ἢ
313 665 423 728 τίνος1
442 663 563 729 ἀλλου
587 667 771 748 τέλουςί),
795 665 974 746 ἀφαιρεῖται
996 669 1046 732 καί
1062 669 1212 734 Λεύκωνα
1233 670 1292 732 τὸν

79 768 202 846 ἄρχοντα
225 767 393 846 Βοςπόρου
409 801 449 814 -
466 770 523 848 τὴν
545 770 673 848 δωρεάν
698 769 810 852 (Sobel.
834 770 874 834 ad
896 769 925 832 b.
943 769 988 835 ·l.:
1011 772 1051 835 οὐ
1072 773 1132 848 γὰρ
1162 770 1229 835 εἶπε
1252 771 1290 834 ro

76 870 148 935 είδος
167 875 224 949 τῆς
247 871 402 947 ἀτελείας,
432 869 580 950 χορηγίας
602 875 622 951 ἢ
644 875 730 938 τίνος
752 873 850 938 ἄλλου
872 875 983 939 τέλους
1009 876 1172 949 τοιούτου,
1201 875 1292 938 τέλος

75 976 161 1049 λέγων
189 972 353 1038 κάνταῦθα
381 976 437 1042 τάς
459 978 636 1055 καταβολὰς
658 979 709 1041 καί
731 978 898 1042 τελωνείας
920 977 976 1042 τὰς
998 978 1084 1056 παρὰ
1106 981 1172 1040 τῶν
1194 975 1290 1055 ἐμπό-

77 1097 132 1153 ρων
152 1079 214 1141 καὶ
237 1078 281 1141 τὸ
304 1079 361 1143 εἰς
391 1077 487 1156 ὅπερ
518 1079 640 1144 αὐτὸν
670 1085 728 1145 δεῖ
756 1081 952 1145 ςυντελεῖν
980 1084 1225 1159 χορηγοῦντα
1247 1083 1290 1159 τῇ

77 1180 190 1256 πόλει,
214 1181 260 1245 ὡς
276 1183 327 1246 καί
347 1185 420 1260 περὶ
435 1183 473 1245 τὸ
489 1183 580 1248 τέλος
602 1182 681 1246 εἶναι
703 1185 760 1262 τὴν
782 1181 952 1262 ἀςάιρειαν·
975 1185 1020 1260 τῆ
1041 1185 1098 1261 μέν
1119 1184 1179 1261 γὰρ
1202 1183 1292 1246 τέλος

76 1284 181 1358 λέγεται
211 1285 231 1362 ἡ
265 1285 429 1360 τελωνεία,
463 1285 506 1363 πῆ
540 1287 575 1349 δέ
609 1287 660 1349 καλ
692 1287 731 1350 τὸ
761 1289 950 1364 λειτουργεῖν
979 1289 1016 1366 τῇ
1047 1285 1167 1364 πόλει),
1202 1287 1290 1349 Βέιιι.

76 1387 130 1462 llll,
149 1387 204 1451 19:
228 1387 416 1467 ςκεψώμεθα
438 1391 476 1467 δὴ
500 1389 586 1452 τίνας
609 1389 680 1467 ἡμῖν
703 1389 830 1453 είςποιεῖ
852 1388 1009 1466 χορηγοὺς
1030 1388 1073 1452 εἰς
1094 1388 1214 1452 ἐκείνας
1236 1388 1292 1451 τὰς

76 1492 266 1569 λειτουργίας,
290 1492 340 1556 καὶ
362 1491 496 1566 πόςους,
520 1492 576 1555 ἐὰν
599 1493 639 1569 μὴ
662 1492 766 1574 τούτῳ
788 1492 1007 1569 προςέχωρεν,
1030 1490 1152 1570 ἀφήςει.
1184 1489 1294 1567 οἱμὲν

77 1592 169 1657 τοίνυν
191 1595 421 1658 πλουςιυίτατοι
443 1597 704 1672 τριηραρχοῦντες
721 1593 769 1657 ἀεὶ
784 1597 849 1658 τῶν
872 1597 1030 1672 χορηγιῶν
1052 1591 1171 1660 ἀτελεῖς
1194 1591 1293 1669 ὑπάρ-

78 1713 178 1770 χουςιν,
202 1695 234 1759 oi
251 1689 280 1759 δ’
295 1693 416 1759 ἐλάττω
439 1699 504 1759 τῶν
525 1695 642 1760 ἱκανῶν
665 1697 855 1774 κεκτημένοι,
878 1697 935 1774 τὴν
957 1697 1129 1771 ἀναγκαίαν
1152 1694 1294 1762 ἀτέλειαν

78 1797 198 1873 ἔχοντες,
222 1798 296 1864 έξω
320 1802 389 1862 rot
411 1799 549 1863 τέλους
570 1798 642 1863 eici
665 1795 864 1879 τουτουί),
894 1797 1040 1862 Dinaroh.
1066 1799 1108 1877 ΙΙ,
1135 1795 1189 1864 17ε
1213 1799 1294 1877 πρὸς

79 1901 108 1962 δέ
127 1901 253 1965 τούτοις
276 1900 498 1979 ἀνακρίνοντες
521 1902 596 1966 τοὺς
619 1903 683 1966 τῶν
705 1906 821 1966 κοινιῖιν
843 1921 871 1964 τι
893 1903 1063 1978 μέλλοντας
1085 1906 1227 1976 διοικειν,
1251 1902 1296 1965 τίς

79 1999 127 2063 Itu
153 2005 211 2067 τὸν
239 2001 324 2068 ἴδιον
352 2003 489 2081 τρόπον,
523 2003 550 2067 εί
571 2005 684 2079 γονέας
706 2003 742 2068 εὖ
764 2007 861 2078 ποιεῖ,
884 2003 911 2067 εί
945 2004 1000 2067 τὰς
1024 2005 1183 2081 ςτρατείας
1212 2004 1293 2081 ὑπὲρ

79 2107 122 2180 τῆς
135 2107 262 2171 πόλεως
284 2105 491 2184 έςτράτευται,
515 2107 541 2170 εἰ
553 2107 625 2185 ’ἱερὰ
640 2114 776 2190 πατρῷα
797 2107 887 2182 έςτιν,
910 2107 943 2171 εἰ
966 2108 1012 2172 ro
1035 2101 1123 2184 τέλη
1147 2103 1292 2185 τελεῖθ).

77 2312 271 2326 ὴ.-

169 2433 187 2494 ¹)
210 2429 249 2483 De
267 2430 391 2498 liturgiis
413 2429 474 2482 unis
497 2427 566 2482 illud
588 2428 745 2482 vocabulum
768 2428 818 2482 hoc
837 2429 894 2483 loeo
913 2427 1030 2496 positum
1048 2444 1103 2482 osse
1121 2428 1206 2493 infra,
1235 2443 1294 2481 oum

76 2512 101 2565 do
116 2514 239 2584 Leptinis
257 2517 398 2584 rogatione
413 2513 549 2576 tractabo,
568 2531 704 2583 exponam.

170 2603 190 2668 ²)
212 2601 301 2672 Magis
324 2602 404 2656 huius
422 2602 475 2659 Ioci
493 2603 605 2654 naturae
623 2601 780 2670 respondere
797 2602 916 2656 arbitror
933 2601 1092 2656 vocabulum
1109 2602 1210 2654 τέλους
1227 2601 1294 2654 acei-

79 2700 129 2750 pere
151 2705 267 2744 »munus
291 2688 454 2758 publicum«,
482 2704 562 2756 quam
586 2687 747 2751 »ordinemu
775 2703 838 2742 nam
855 2688 905 2742 illa
922 2687 1108 2756 interpretatio
1127 2703 1187 2740 oum
1205 2685 1293 2739 verbis

81 2774 141 2838 ιτὴν
159 2771 322 2839 ἀναγκαίαν
341 2773 469 2828 ἀτέλειαν
489 2775 617 2841 ἔχοντεςν
638 2773 717 2842 ipsis,
738 2776 797 2826 tum
816 2773 865 2828 hoo
883 2771 1021 2842 probatur,
1041 2771 1112 2841 quod
1129 2788 1159 2826 ca
1178 2773 1294 2825 admissa

80 2857 269 2925 sIgnificantior·
292 2857 398 2912 exsistit
420 2859 554 2914 sententia
578 2861 746 2928 apertiorque
772 2857 913 2913 verborum
932 2859 1091 2916 consecutio.
1122 2859 1294 2927 Argumento,

80 2945 139 3010 quod
155 2946 244 3014 prImo
262 2944 425 3013 porposui,
450 2945 478 2998 id
496 2944 631 2998 declarare
648 2944 736 2999 volui:
763 2946 795 2997 ut
812 2944 925 2998 alteram
943 2944 1163 3012 amplecteremur
1182 2942 1295 3010 explica·

81 3029 184 3096 tionem,
214 3031 405 3086 ennuntiatum
421 3031 463 3085 ita
480 3029 570 3098 potius
588 3033 708 3098 oportere
725 3029 918 3084 conformatum
936 3045 1006 3097 esse:
1035 3029 1103 3084 λέξω
1122 3033 1175 3082 τοο
1194 3028 1293 3082 τέλους

79 3118 176 3174 τούτου
201 3118 283 3172 ὄντες
307 3118 361 3182 τὴν
379 3116 537 3182 ἀναγκαίαν
560 3116 690 3172 ἀτέλειαν
714 3116 849 3182 exercete
877 3114 909 3170 of.
928 3114 1056 3170 Thesauri
1073 3114 1184 3182 linguae
1202 3112 1301 3186 Graec„

80 3199 130 3267 VII,
150 3205 264 3260 199811.

58 3285 60 3292 '
173 3290 194 3354 3)
213 3289 294 3343 Recte
311 3305 360 3342 nos
378 3289 475 3354 facere,
502 3304 562 3342 oum
580 3285 681 3354 verbis,
709 3302 776 3356 quae
800 3287 907 3339 exstant
924 3284 1026 3340 Polluc.
1047 3283 1124 3348 v111,
1142 3283 1189 3337 85:
1219 3284 1296 3336 etro·

81 3373 148 3427 λεῖτο
173 3375 204 3428 δέ
229 3391 271 3428 τις
290 3379 468 3441 θεςμοθετιίιν
496 3373 649 3444 ἀνάκριςις,
677 3371 701 3428 εί
717 3371 865 3439 Ἀθηναῖοί
892 3370 959 3425 εἰςιν
986 3371 1163 3439 ἑκατέρωθεν
1188 3368 1218 3422 ἐκ
1242 3386 1298 3436 τρι-

81 3460 169 3520 γονίας
194 3463 240 3514 καί
257 3463 315 3530 Δτάν
340 3463 430 3528 δῆμον
453 3461 556 3524 πόθεν,
583 3461 629 3512 καί
653 3457 678 3513 εί
698 3460 845 3513 Ἀπόλλων
870 3457 946 3511 ἐςτίν
971 3457 1070 3511 αὐτοῖς
1095 3461 1229 3524 πατρῷος
1251 3458 1297 3508 καὶ

82 3541 148 3600 Ζεὺς
171 3548 262 3614 ἕρκιος
287 3550 332 3600 καλ
351 3546 376 3601 εί
393 3549 461 3600 τοὺς
484 3546 584 3600 τοκέας
603 3545 634 3600 εὖ
653 3549 762 3600 corotici
780 3545 826 3596 καλ
844 3540 869 3596 εἰ
887 3542 1070 3609 έςτριίτευται
1087 3543 1159 3610 ὑπὲρ
1177 3546 1230 3608 τῆς
1247 3557 1298 3596 τια-

83 3629 169 3694 τρίδος
193 3635 240 3685 καί
259 3631 334 3686 εἰτὸ
353 3632 459 3698 τίμημά
478 3633 552 3687 έςτιν
571 3633 695 3696 ceroto,
720 3645 774 3684 non
792 3627 960 3692 adducimur,
988 3632 1019 3682 ut
1038 3631 1185 3682 sententiae
1205 3627 1244 3682 net
1262 3629 1298 3681 τὰ

81 3715 141 3783 τέλη
165 3722 257 3774 τελεῖν
286 3718 341 3772 vim
360 3717 522 3772 subiciamus
551 3733 632 3771 „uum
661 3718 749 3772 certae
775 3714 880 3768 cuidam
898 3713 977 3768 classi
995 3713 1145 3780 adscriptus
1163 3715 1226 3779 situ,
1252 3715 1297 3767 sed

83 3797 285 3872 interpretamur
305 3820 386 3857 „num
404 3804 492 3858 officia
509 3803 689 3872 praestiterit,
713 3801 846 3856 tributum
865 3797 976 3853 solverit
993 3799 1185 3867 sollemniaque
1202 3796 1299 3851 oblerit

84 3899 211 3958 muneras,
229 3892 259 3943 et
271 3903 308 3954 eo,
327 3889 397 3958 quod
409 3889 457 3943 boo
471 3891 526 3943 loco
540 3887 569 3942 id
580 3901 663 3942 unum
676 3889 777 3956 agitur,
795 3903 869 3952 num,
887 3885 934 3954 qui
951 3883 1077 3939 horrorem
1096 3887 1177 3953 petat,
1195 3899 1223 3936 re
1236 3897 1297 3934 vera

84 3972 236 4030 satisfecerit
262 3976 375 4040 οῖίίοίίε,
398 3979 425 4030 et
443 3977 578 4030 sententia
598 3975 631 4029 fit
648 3973 831 4043 perspicuum,
857 3987 937 4042 quam
964 3973 988 4039 ς.
1006 3972 1040 4026 18
1066 3971 1194 4038 legimus:
1224 3971 1299 4020 „cmv

85 4056 104 4106 δ’
121 4061 211 4117 ἄλλων
230 4063 390 4129 Ἀθηναίων
417 4063 608 4132 εἰςφερόντων
627 4063 736 4116 ἐκτῶν
762 4060 844 4114 ἰδίων
872 4058 956 4112 οὗτος
981 4058 1047 4111 οὐδέ
1071 4061 1130 4109 τιῖιν
1156 4051 1299 4119 δηροςίων

85 4147 124 4196 καί
151 4149 190 4202 ὡν
220 4149 318 4216 ὦφλεν
341 4151 377 4204 rb
400 4151 536 4218 ἀργύριον
559 4150 733 4214 έκτέτικεννγ
760 4147 794 4201 cf.
819 4147 901 4200 etlam
919 4143 1034 4200 Boeokh.
1058 4142 1075 4194 l.
1094 4157 1116 4195 c.
1134 4140 1161 4204 I,
1180 4138 1244 4205 660,
1271 4141 1299 4190 et

85 4230 194 4283 ¹1·b.-
213 4235 308 4289 Latius
326 4239 420 4306 patena
438 4236 479 4289 ris
496 4235 620 4289 vocabuli
638 4233 772 4303 primitivi
797 4234 907 4286 ντελεςν
930 4231 1000 4282 inest
1023 4227 1106 4281 etiam
1124 4225 1210 4278 verbis
1228 4238 1299 4276 eorn-

86 4317 172 4380 Iositis
200 4323 351 4378 ἰςοτελείας
378 4324 405 4376 et
423 4322 578 4388 Icorel00c3
605 4319 783 4387 otllmpocr.
803 4315 860 4383 163,
880 4311 1120 4378 o=Ph0c.115,
1140 4311 1169 4374 93
1198 4307 1299 4361 Polluc.

88 4399 156 4472 VIII,
174 4409 226 4463 155
244 4411 288 4478 (of.
307 4409 359 4476 ΙΙΙ,
376 4409 436 4477 56);
462 4408 574 4478 Hesyoh.
595 4410 615 4472 Ι,
636 4406 687 4460 992
706 4404 750 4474 (cf.
769 4403 844 4472 993);
873 4401 983 4458 Bckker.
1002 4398 1098 4455 Aneod.
1117 4397 1176 4462 267,
1195 4398 1209 4449 1
1229 4409 1299 4461 sqq.;

88 4486 153 4550 Suid.
171 4495 194 4560 Ι,
211 4495 237 4562 2,
256 4496 336 4562 10793
355 4497 477 4550 Ammon.
499 4493 548 4560 (ed.
569 4493 702 4556 Valcken.)
720 4507 745 4559 p.
765 4490 806 4544 uo.
