<?xml version="1.0" encoding="UTF-8"?>
<!DOCTYPE html PUBLIC "-//W3C//DTD XHTML 1.0 Transitional//EN"
    "http://www.w3.org/TR/xhtml1/DTD/xhtml1-transitional.dtd">
<html xmlns="http://www.w3.org/1999/xhtml" xml:lang="en" lang="en">
 <head>
  <title>
</title>
<meta http-equiv="Content-Type" content="text/html;charset=utf-8" />
  <meta name='ocr-system' content='tesseract 3.04.00' />
  <meta name='ocr-capabilities' content='ocr_page ocr_carea ocr_par ocr_line ocrx_word'/>
</head>
<body>
  <div class='ocr_page' id='page_1' title='image "./deciviumathenie00thumgoog_0085.png"; bbox 0 0 3232 5044; ppageno 0'>
   <div class='ocr_carea' id='block_1_1' title="bbox 755 264 962 329">
    <p class='ocr_par' dir='ltr' id='par_1_1' title="bbox 755 264 962 329">
     <span class='ocr_line' id='line_1_1' title="bbox 755 264 962 329; baseline 0 -19"><span class='ocrx_word' id='word_1_1' title='bbox 755 264 962 329; x_wconf 76' lang='lat' dir='ltr'><strong>-5g-</strong></span> 
     </span>
    </p>
   </div>
   <div class='ocr_carea' id='block_1_2' title="bbox 237 449 1473 2080">
    <p class='ocr_par' dir='ltr' id='par_1_2' title="bbox 237 449 1473 2080">
     <span class='ocr_line' id='line_1_2' title="bbox 242 449 1469 533; baseline 0.003 -18"><span class='ocrx_word' id='word_1_2' title='bbox 242 450 413 530; x_wconf 83' lang='grc' dir='ltr'>Ἀθήνηςιν,</span> <span class='ocrx_word' id='word_1_3' title='bbox 444 449 525 516; x_wconf 82' lang='grc' dir='ltr'>ἀλλὰ</span> <span class='ocrx_word' id='word_1_4' title='bbox 551 451 665 530; x_wconf 89' lang='grc' dir='ltr'>μόνοι</span> <span class='ocrx_word' id='word_1_5' title='bbox 687 452 723 517; x_wconf 90' lang='grc' dir='ltr'>οἱ</span> <span class='ocrx_word' id='word_1_6' title='bbox 744 453 923 518; x_wconf 84' lang='grc' dir='ltr'>πλούςιοι</span> <span class='ocrx_word' id='word_1_7' title='bbox 945 455 1007 518; x_wconf 90' lang='grc' dir='ltr'>καὶ</span> <span class='ocrx_word' id='word_1_8' title='bbox 1030 453 1226 533; x_wconf 87' lang='grc' dir='ltr'>εἰςφέρειν</span> <span class='ocrx_word' id='word_1_9' title='bbox 1248 453 1469 532; x_wconf 87' lang='grc' dir='ltr'>δυνάμενοι.</span> 
     </span>
     <span class='ocr_line' id='line_1_3' title="bbox 241 554 1471 640; baseline 0.002 -22"><span class='ocrx_word' id='word_1_10' title='bbox 241 554 381 632; x_wconf 85' lang='grc' dir='ltr'>δγοῖιν</span> <span class='ocrx_word' id='word_1_11' title='bbox 402 555 662 634; x_wconf 91' lang='grc' dir='ltr'>Δημοςθένης</span> <span class='ocrx_word' id='word_1_12' title='bbox 684 555 725 620; x_wconf 86' lang='grc' dir='ltr'>ἐν</span> <span class='ocrx_word' id='word_1_13' title='bbox 746 563 799 640; x_wconf 83' lang='grc' dir='ltr'>τῷ</span> <span class='ocrx_word' id='word_1_14' title='bbox 828 557 917 635; x_wconf 91' lang='grc' dir='ltr'>περὶ</span> <span class='ocrx_word' id='word_1_15' title='bbox 945 561 1022 622; x_wconf 90' lang='grc' dir='ltr'>τιῖιν</span> <span class='ocrx_word' id='word_1_16' title='bbox 1050 561 1270 636; x_wconf 84' lang='grc' dir='ltr'>ςυμμοριιθν</span> <span class='ocrx_word' id='word_1_17' title='bbox 1298 577 1372 637; x_wconf 89' lang='grc' dir='ltr'>φηςι</span> <span class='ocrx_word' id='word_1_18' title='bbox 1401 557 1471 634; x_wconf 83' lang='grc' dir='ltr'>περὶ</span> 
     </span>
     <span class='ocr_line' id='line_1_4' title="bbox 238 657 1470 737; baseline 0.001 -17"><span class='ocrx_word' id='word_1_19' title='bbox 238 660 305 722; x_wconf 83' lang='grc' dir='ltr'>τῶν</span> <span class='ocrx_word' id='word_1_20' title='bbox 320 657 428 734; x_wconf 83' lang='grc' dir='ltr'>χιλίων</span> <span class='ocrx_word' id='word_1_21' title='bbox 443 659 493 722; x_wconf 88' lang='grc' dir='ltr'>καὶ</span> <span class='ocrx_word' id='word_1_22' title='bbox 511 659 681 723; x_wconf 88' lang='grc' dir='ltr'>διακοςῖων</span> <span class='ocrx_word' id='word_1_23' title='bbox 702 660 829 737; x_wconf 87' lang='grc' dir='ltr'>ἀνδρῶν</span> <span class='ocrx_word' id='word_1_24' title='bbox 852 660 956 736; x_wconf 85' lang='grc' dir='ltr'>λέγων</span> <span class='ocrx_word' id='word_1_25' title='bbox 977 663 1043 724; x_wconf 87' lang='grc' dir='ltr'>τῶν</span> <span class='ocrx_word' id='word_1_26' title='bbox 1064 660 1327 724; x_wconf 88' lang='grc' dir='ltr'>πλουςιωτάτων·</span> <span class='ocrx_word' id='word_1_27' title='bbox 1351 659 1386 724; x_wconf 87' lang='grc' dir='ltr'>ἐκ</span> <span class='ocrx_word' id='word_1_28' title='bbox 1398 658 1470 723; x_wconf 90' lang='grc' dir='ltr'>τού-</span> 
     </span>
     <span class='ocr_line' id='line_1_5' title="bbox 239 758 1472 844; baseline 0 -20"><span class='ocrx_word' id='word_1_29' title='bbox 239 781 306 824; x_wconf 88' lang='grc' dir='ltr'>των</span> <span class='ocrx_word' id='word_1_30' title='bbox 321 761 380 824; x_wconf 91' lang='lat' dir='ltr'><strong>etc.</strong></span> <span class='ocrx_word' id='word_1_31' title='bbox 404 758 589 840; x_wconf 88' lang='grc' dir='ltr'>Ὑπερείδης</span> <span class='ocrx_word' id='word_1_32' title='bbox 604 759 633 825; x_wconf 78' lang='grc' dir='ltr'>δ’</span> <span class='ocrx_word' id='word_1_33' title='bbox 648 761 683 825; x_wconf 82' lang='grc' dir='ltr'>ἐν</span> <span class='ocrx_word' id='word_1_34' title='bbox 697 765 743 844; x_wconf 81' lang='grc' dir='ltr'>τῷ</span> <span class='ocrx_word' id='word_1_35' title='bbox 764 761 847 840; x_wconf 89' lang='grc' dir='ltr'>πρὸς</span> <span class='ocrx_word' id='word_1_36' title='bbox 863 761 1068 827; x_wconf 91' lang='grc' dir='ltr'>Πολύευκτόν</span> <span class='ocrx_word' id='word_1_37' title='bbox 1091 778 1199 842; x_wconf 90' lang='grc' dir='ltr'>φηςιν·</span> <span class='ocrx_word' id='word_1_38' title='bbox 1227 761 1315 827; x_wconf 75' lang='lat' dir='ltr'><strong>asiel</strong></span> <span class='ocrx_word' id='word_1_39' title='bbox 1336 762 1408 840; x_wconf 85' lang='grc' dir='ltr'>γὰρ</span> <span class='ocrx_word' id='word_1_40' title='bbox 1431 761 1472 825; x_wconf 82' lang='grc' dir='ltr'>ἐν</span> 
     </span>
     <span class='ocr_line' id='line_1_6' title="bbox 238 863 1471 948; baseline -0.002 -20"><span class='ocrx_word' id='word_1_41' title='bbox 238 868 281 946; x_wconf 83' lang='grc' dir='ltr'>τῇ</span> <span class='ocrx_word' id='word_1_42' title='bbox 299 864 491 948; x_wconf 83' lang='grc' dir='ltr'>ςυμμορῖᾳ</span> <span class='ocrx_word' id='word_1_43' title='bbox 509 863 649 948; x_wconf 86' lang='grc' dir='ltr'>ἑκάςτῃ</span> <span class='ocrx_word' id='word_1_44' title='bbox 666 864 700 928; x_wconf 83' lang='grc' dir='ltr'>ιε’</span> <span class='ocrx_word' id='word_1_45' title='bbox 718 863 899 943; x_wconf 75' lang='grc' dir='ltr'>ἄνδρεευ·</span> <span class='ocrx_word' id='word_1_46' title='bbox 922 865 961 931; x_wconf 94' lang='grc' dir='ltr'>ού</span> <span class='ocrx_word' id='word_1_47' title='bbox 978 868 1078 930; x_wconf 82' lang='grc' dir='ltr'>δεῖδὲ</span> <span class='ocrx_word' id='word_1_48' title='bbox 1094 865 1274 944; x_wconf 83' lang='grc' dir='ltr'>θαυμάζειν,</span> <span class='ocrx_word' id='word_1_49' title='bbox 1296 871 1365 932; x_wconf 87' lang='grc' dir='ltr'>πῶς</span> <span class='ocrx_word' id='word_1_50' title='bbox 1381 864 1400 929; x_wconf 87' lang='grc' dir='ltr'>δ</span> <span class='ocrx_word' id='word_1_51' title='bbox 1415 865 1471 943; x_wconf 83' lang='grc' dir='ltr'>μὲν</span> 
     </span>
     <span class='ocr_line' id='line_1_7' title="bbox 237 961 1470 1048; baseline -0.002 -16"><span class='ocrx_word' id='word_1_52' title='bbox 237 967 442 1045; x_wconf 88' lang='grc' dir='ltr'>Δημοςθένης</span> <span class='ocrx_word' id='word_1_53' title='bbox 457 969 553 1047; x_wconf 90' lang='grc' dir='ltr'>φηςὶν</span> <span class='ocrx_word' id='word_1_54' title='bbox 569 967 593 1034; x_wconf 84' lang='grc' dir='ltr'>ξ’</span> <span class='ocrx_word' id='word_1_55' title='bbox 610 965 725 1046; x_wconf 80' lang='grc' dir='ltr'>ἄνδρες</span> <span class='ocrx_word' id='word_1_56' title='bbox 747 969 829 1046; x_wconf 86' lang='grc' dir='ltr'>ἔχειν</span> <span class='ocrx_word' id='word_1_57' title='bbox 853 970 911 1048; x_wconf 82' lang='grc' dir='ltr'>τὴν</span> <span class='ocrx_word' id='word_1_58' title='bbox 934 970 1117 1048; x_wconf 86' lang='grc' dir='ltr'>ςυμμορῖαν,</span> <span class='ocrx_word' id='word_1_59' title='bbox 1141 969 1160 1034; x_wconf 87' lang='grc' dir='ltr'>δ</span> <span class='ocrx_word' id='word_1_60' title='bbox 1177 971 1214 1035; x_wconf 77' lang='grc' dir='ltr'>δὲ</span> <span class='ocrx_word' id='word_1_61' title='bbox 1225 961 1411 1048; x_wconf 85' lang='grc' dir='ltr'>Ὑπερείδης</span> <span class='ocrx_word' id='word_1_62' title='bbox 1426 966 1470 1030; x_wconf 89' lang='grc' dir='ltr'>ιε’.</span> 
     </span>
     <span class='ocr_line' id='line_1_8' title="bbox 238 1069 1471 1156; baseline -0.004 -21"><span class='ocrx_word' id='word_1_63' title='bbox 238 1071 273 1135; x_wconf 77' lang='grc' dir='ltr'>ἐν</span> <span class='ocrx_word' id='word_1_64' title='bbox 294 1073 355 1149; x_wconf 86' lang='grc' dir='ltr'>γὰρ</span> <span class='ocrx_word' id='word_1_65' title='bbox 378 1076 423 1156; x_wconf 83' lang='grc' dir='ltr'>τῷ</span> <span class='ocrx_word' id='word_1_66' title='bbox 446 1071 525 1135; x_wconf 90' lang='grc' dir='ltr'>κατὰ</span> <span class='ocrx_word' id='word_1_67' title='bbox 547 1071 740 1136; x_wconf 80' lang='grc' dir='ltr'>Παεικλέους</span> <span class='ocrx_word' id='word_1_68' title='bbox 769 1073 851 1148; x_wconf 88' lang='grc' dir='ltr'>λέγει</span> <span class='ocrx_word' id='word_1_69' title='bbox 878 1074 936 1151; x_wconf 80' lang='grc' dir='ltr'>τὴν</span> <span class='ocrx_word' id='word_1_70' title='bbox 959 1071 1060 1137; x_wconf 88' lang='grc' dir='ltr'>αἰτίαν</span> <span class='ocrx_word' id='word_1_71' title='bbox 1082 1072 1219 1152; x_wconf 85' lang='grc' dir='ltr'>γράφων</span> <span class='ocrx_word' id='word_1_72' title='bbox 1240 1073 1344 1137; x_wconf 90' lang='grc' dir='ltr'>ταυτί·</span> <span class='ocrx_word' id='word_1_73' title='bbox 1381 1069 1471 1134; x_wconf 66' lang='grc' dir='ltr'>»ἕως</span> 
     </span>
     <span class='ocr_line' id='line_1_9' title="bbox 240 1173 1471 1254; baseline 0 -17"><span class='ocrx_word' id='word_1_74' title='bbox 240 1175 311 1252; x_wconf 81' lang='grc' dir='ltr'>μὲν</span> <span class='ocrx_word' id='word_1_75' title='bbox 348 1173 384 1238; x_wconf 90' lang='lat' dir='ltr'>ol</span> <span class='ocrx_word' id='word_1_76' title='bbox 417 1173 707 1238; x_wconf 86' lang='grc' dir='ltr'>πλονςιιύτατοι</span> <span class='ocrx_word' id='word_1_77' title='bbox 750 1174 1099 1254; x_wconf 86' lang='grc' dir='ltr'>παρακρουόμενοι</span> <span class='ocrx_word' id='word_1_78' title='bbox 1135 1176 1204 1254; x_wconf 83' lang='grc' dir='ltr'>τὴν</span> <span class='ocrx_word' id='word_1_79' title='bbox 1239 1175 1353 1241; x_wconf 89' lang='grc' dir='ltr'>πόλιν</span> <span class='ocrx_word' id='word_1_80' title='bbox 1390 1173 1471 1250; x_wconf 90' lang='grc' dir='ltr'>ςύμ·</span> 
     </span>
     <span class='ocr_line' id='line_1_10' title="bbox 241 1275 1470 1357; baseline -0.003 -16"><span class='ocrx_word' id='word_1_81' title='bbox 241 1297 353 1341; x_wconf 91' lang='grc' dir='ltr'>πεντε</span> <span class='ocrx_word' id='word_1_82' title='bbox 383 1275 445 1340; x_wconf 91' lang='grc' dir='ltr'>καὶ</span> <span class='ocrx_word' id='word_1_83' title='bbox 473 1275 587 1342; x_wconf 85' lang='grc' dir='ltr'>ςύνεξ</span> <span class='ocrx_word' id='word_1_84' title='bbox 614 1281 957 1355; x_wconf 86' lang='grc' dir='ltr'>τριηραρχοῦντες</span> <span class='ocrx_word' id='word_1_85' title='bbox 985 1278 1123 1357; x_wconf 89' lang='grc' dir='ltr'>μέτρια</span> <span class='ocrx_word' id='word_1_86' title='bbox 1149 1277 1372 1357; x_wconf 79' lang='grc' dir='ltr'>ἀνήλιςκον,</span> <span class='ocrx_word' id='word_1_87' title='bbox 1401 1275 1470 1353; x_wconf 89' lang='grc' dir='ltr'>ἡςυ-</span> 
     </span>
     <span class='ocr_line' id='line_1_11' title="bbox 239 1377 1472 1461; baseline -0.003 -18"><span class='ocrx_word' id='word_1_88' title='bbox 239 1380 310 1459; x_wconf 85' lang='grc' dir='ltr'>χῖαν</span> <span class='ocrx_word' id='word_1_89' title='bbox 331 1377 412 1457; x_wconf 80' lang='grc' dir='ltr'>ἦγον</span> <span class='ocrx_word' id='word_1_90' title='bbox 433 1377 538 1444; x_wconf 84' lang='grc' dir='ltr'>οὗτοι·</span> <span class='ocrx_word' id='word_1_91' title='bbox 568 1380 703 1458; x_wconf 81' lang='grc' dir='ltr'>ἐπειδὴ</span> <span class='ocrx_word' id='word_1_92' title='bbox 727 1381 763 1444; x_wconf 84' lang='grc' dir='ltr'>δὲ</span> <span class='ocrx_word' id='word_1_93' title='bbox 785 1385 885 1445; x_wconf 81' lang='grc' dir='ltr'>ταῦτα</span> <span class='ocrx_word' id='word_1_94' title='bbox 907 1383 1044 1446; x_wconf 84' lang='grc' dir='ltr'>κατιδων</span> <span class='ocrx_word' id='word_1_95' title='bbox 1066 1383 1327 1461; x_wconf 89' lang='grc' dir='ltr'>Δημοςθένης</span> <span class='ocrx_word' id='word_1_96' title='bbox 1349 1379 1472 1457; x_wconf 93' lang='grc' dir='ltr'>νόμον</span> 
     </span>
     <span class='ocr_line' id='line_1_12' title="bbox 239 1483 1471 1564; baseline -0.005 -14"><span class='ocrx_word' id='word_1_97' title='bbox 239 1484 356 1564; x_wconf 87' lang='grc' dir='ltr'>ἔθηκε</span> <span class='ocrx_word' id='word_1_98' title='bbox 389 1485 483 1549; x_wconf 87' lang='grc' dir='ltr'>τοὺς</span> <span class='ocrx_word' id='word_1_99' title='bbox 510 1483 538 1545; x_wconf 88' lang='grc' dir='ltr'>τ’</span> <span class='ocrx_word' id='word_1_100' title='bbox 566 1487 824 1563; x_wconf 84' lang='grc' dir='ltr'>τριηραρχεῖν</span> <span class='ocrx_word' id='word_1_101' title='bbox 855 1485 906 1548; x_wconf 84' lang='grc' dir='ltr'>καὶ</span> <span class='ocrx_word' id='word_1_102' title='bbox 936 1488 1056 1563; x_wconf 81' lang='grc' dir='ltr'>βαρεῖαι</span> <span class='ocrx_word' id='word_1_103' title='bbox 1085 1484 1248 1560; x_wconf 87' lang='grc' dir='ltr'>γεγόναςιν</span> <span class='ocrx_word' id='word_1_104' title='bbox 1271 1485 1303 1548; x_wconf 87' lang='grc' dir='ltr'>αἱ</span> <span class='ocrx_word' id='word_1_105' title='bbox 1325 1499 1471 1563; x_wconf 88' lang='grc' dir='ltr'>τριηραρ-</span> 
     </span>
     <span class='ocr_line' id='line_1_13' title="bbox 237 1585 1471 1671; baseline -0.003 -17"><span class='ocrx_word' id='word_1_106' title='bbox 237 1590 314 1671; x_wconf 80' lang='grc' dir='ltr'>χίαι,</span> <span class='ocrx_word' id='word_1_107' title='bbox 347 1591 405 1652; x_wconf 89' lang='grc' dir='ltr'>νῖιν</span> <span class='ocrx_word' id='word_1_108' title='bbox 432 1586 452 1651; x_wconf 86' lang='grc' dir='ltr'>ό</span> <span class='ocrx_word' id='word_1_109' title='bbox 475 1585 627 1665; x_wconf 86' lang='grc' dir='ltr'>Φορμίων</span> <span class='ocrx_word' id='word_1_110' title='bbox 661 1585 761 1651; x_wconf 88' lang='grc' dir='ltr'>αὑτὸν</span> <span class='ocrx_word' id='word_1_111' title='bbox 796 1586 985 1651; x_wconf 79' lang='grc' dir='ltr'>ἐκκλέπτειν·</span> <span class='ocrx_word' id='word_1_112' title='bbox 1024 1586 1084 1650; x_wconf 90' lang='grc' dir='ltr'>ότι</span> <span class='ocrx_word' id='word_1_113' title='bbox 1119 1589 1162 1652; x_wconf 82' lang='grc' dir='ltr'>δὲ</span> <span class='ocrx_word' id='word_1_114' title='bbox 1195 1589 1256 1652; x_wconf 92' lang='grc' dir='ltr'>καὶ</span> <span class='ocrx_word' id='word_1_115' title='bbox 1290 1587 1327 1652; x_wconf 87' lang='lat' dir='ltr'>oi</span> <span class='ocrx_word' id='word_1_116' title='bbox 1361 1591 1471 1662; x_wconf 88' lang='grc' dir='ltr'>δημο-</span> 
     </span>
     <span class='ocr_line' id='line_1_14' title="bbox 239 1681 1471 1769; baseline -0.008 -11"><span class='ocrx_word' id='word_1_117' title='bbox 239 1692 401 1769; x_wconf 89' lang='grc' dir='ltr'>ποίητοι</span> <span class='ocrx_word' id='word_1_118' title='bbox 423 1689 696 1769; x_wconf 85' lang='grc' dir='ltr'>ἐνεγράφοντο</span> <span class='ocrx_word' id='word_1_119' title='bbox 720 1689 775 1754; x_wconf 86' lang='grc' dir='ltr'>εἰς</span> <span class='ocrx_word' id='word_1_120' title='bbox 796 1690 864 1754; x_wconf 88' lang='grc' dir='ltr'>τὰς</span> <span class='ocrx_word' id='word_1_121' title='bbox 887 1691 1118 1768; x_wconf 86' lang='grc' dir='ltr'>ςυμμορίας,</span> <span class='ocrx_word' id='word_1_122' title='bbox 1142 1691 1322 1769; x_wconf 81' lang='grc' dir='ltr'>δεδήλωκεν</span> <span class='ocrx_word' id='word_1_123' title='bbox 1345 1681 1471 1753; x_wconf 88' lang='grc' dir='ltr'>δὙπε·</span> 
     </span>
     <span class='ocr_line' id='line_1_15' title="bbox 239 1787 1473 1877; baseline -0.01 -17"><span class='ocrx_word' id='word_1_124' title='bbox 239 1795 345 1876; x_wconf 86' lang='grc' dir='ltr'>ρείδης</span> <span class='ocrx_word' id='word_1_125' title='bbox 378 1794 492 1876; x_wconf 84' lang='grc' dir='ltr'>ἐντῷ</span> <span class='ocrx_word' id='word_1_126' title='bbox 526 1793 606 1856; x_wconf 90' lang='grc' dir='ltr'>κατὰ</span> <span class='ocrx_word' id='word_1_127' title='bbox 638 1793 847 1857; x_wconf 87' lang='grc' dir='ltr'>Πολυεύκτου</span> <span class='ocrx_word' id='word_1_128' title='bbox 886 1793 1035 1857; x_wconf 87' lang='grc' dir='ltr'>πολλάκις</span> <span class='ocrx_word' id='word_1_129' title='bbox 1045 1791 1070 1874; x_wconf 86' lang='lat'>¹)</span> <span class='ocrx_word' id='word_1_130' title='bbox 1092 1829 1135 1840; x_wconf 92' lang='lat'><em>-</em></span> <span class='ocrx_word' id='word_1_131' title='bbox 1157 1795 1393 1877; x_wconf 86' lang='grc' dir='ltr'>διηρέθηςαν</span> <span class='ocrx_word' id='word_1_132' title='bbox 1430 1787 1473 1851; x_wconf 79' lang='grc' dir='ltr'>δὲ</span> 
     </span>
     <span class='ocr_line' id='line_1_16' title="bbox 240 1890 1471 1977; baseline -0.007 -14"><span class='ocrx_word' id='word_1_133' title='bbox 240 1901 400 1977; x_wconf 87' lang='grc' dir='ltr'>πρῶτον</span> <span class='ocrx_word' id='word_1_134' title='bbox 427 1895 626 1973; x_wconf 89' lang='grc' dir='ltr'>Ἀθηναῖοι</span> <span class='ocrx_word' id='word_1_135' title='bbox 659 1895 755 1959; x_wconf 90' lang='grc' dir='ltr'>κατὰ</span> <span class='ocrx_word' id='word_1_136' title='bbox 789 1895 1012 1973; x_wconf 86' lang='grc' dir='ltr'>ςυμμορῖαε</span> <span class='ocrx_word' id='word_1_137' title='bbox 1046 1896 1107 1960; x_wconf 85' lang='grc' dir='ltr'>ἐπὶ</span> <span class='ocrx_word' id='word_1_138' title='bbox 1138 1896 1375 1960; x_wconf 80' lang='grc' dir='ltr'>Ναυςινῖκου</span> <span class='ocrx_word' id='word_1_139' title='bbox 1410 1890 1471 1968; x_wconf 81' lang='grc' dir='ltr'>ἄρ-</span> 
     </span>
     <span class='ocr_line' id='line_1_17' title="bbox 239 1997 1028 2080; baseline -0.005 -14"><span class='ocrx_word' id='word_1_140' title='bbox 239 2020 394 2080; x_wconf 82' lang='grc' dir='ltr'>χοντος,</span> <span class='ocrx_word' id='word_1_141' title='bbox 418 1999 462 2064; x_wconf 83' lang='grc' dir='ltr'>ὡς</span> <span class='ocrx_word' id='word_1_142' title='bbox 484 1999 665 2077; x_wconf 87' lang='grc' dir='ltr'>Φιλόχορος</span> <span class='ocrx_word' id='word_1_143' title='bbox 688 1999 723 2063; x_wconf 84' lang='grc' dir='ltr'>ἐν</span> <span class='ocrx_word' id='word_1_144' title='bbox 744 2002 782 2080; x_wconf 87' lang='grc' dir='ltr'>τῇ</span> <span class='ocrx_word' id='word_1_145' title='bbox 806 1998 830 2062; x_wconf 86' lang='grc' dir='ltr'>ε’</span> <span class='ocrx_word' id='word_1_146' title='bbox 853 1997 1028 2063; x_wconf 75' lang='grc' dir='ltr'>Ἀτθίδων.</span> 
     </span>
    </p>
   </div>
   <div class='ocr_carea' id='block_1_3' title="bbox 240 2100 1586 2302">
    <p class='ocr_par' dir='ltr' id='par_1_3' title="bbox 240 2100 1586 2302">
     <span class='ocr_line' id='line_1_18' title="bbox 342 2100 1586 2196; baseline -0.005 -30"><span class='ocrx_word' id='word_1_147' title='bbox 342 2101 410 2184; x_wconf 79' lang='lat' dir='ltr'>Qua</span> <span class='ocrx_word' id='word_1_148' title='bbox 424 2102 462 2166; x_wconf 89' lang='lat' dir='ltr'>de</span> <span class='ocrx_word' id='word_1_149' title='bbox 478 2119 582 2179; x_wconf 89' lang='lat' dir='ltr'><strong>causa,</strong></span> <span class='ocrx_word' id='word_1_150' title='bbox 607 2101 749 2182; x_wconf 86' lang='lat' dir='ltr'><strong>quamvis</strong></span> <span class='ocrx_word' id='word_1_151' title='bbox 771 2100 907 2182; x_wconf 79' lang='lat' dir='ltr'>priorem</span> <span class='ocrx_word' id='word_1_152' title='bbox 928 2101 1022 2165; x_wconf 88' lang='lat' dir='ltr'><strong>illurn</strong></span> <span class='ocrx_word' id='word_1_153' title='bbox 1038 2100 1207 2184; x_wconf 79' lang='lat' dir='ltr'><strong>Hyperidis</strong></span> <span class='ocrx_word' id='word_1_154' title='bbox 1228 2100 1334 2165; x_wconf 90' lang='lat' dir='ltr'><strong>locum</strong></span> <span class='ocrx_word' id='word_1_155' title='bbox 1349 2101 1470 2178; x_wconf 87' lang='lat' dir='ltr'><strong>Harpo-</strong></span> <span class='ocrx_word' id='word_1_156' title='bbox 1585 2153 1586 2196; x_wconf 70' lang='lat'><strong>,</strong></span> 
     </span>
     <span class='ocr_line' id='line_1_19' title="bbox 240 2197 1586 2302; baseline -0.009 -31"><span class='ocrx_word' id='word_1_157' title='bbox 240 2207 337 2271; x_wconf 90' lang='lat' dir='ltr'><strong>cratio</strong></span> <span class='ocrx_word' id='word_1_158' title='bbox 368 2207 531 2288; x_wconf 89' lang='lat' dir='ltr'><strong>componat</strong></span> <span class='ocrx_word' id='word_1_159' title='bbox 562 2222 634 2269; x_wconf 89' lang='lat' dir='ltr'>cum</span> <span class='ocrx_word' id='word_1_160' title='bbox 665 2205 763 2269; x_wconf 88' lang='lat' dir='ltr'><strong>altero</strong></span> <span class='ocrx_word' id='word_1_161' title='bbox 795 2203 932 2269; x_wconf 90' lang='lat' dir='ltr'><strong>eiusdem</strong></span> <span class='ocrx_word' id='word_1_162' title='bbox 963 2204 1111 2278; x_wconf 86' lang='lat' dir='ltr'><strong>oratoris,</strong></span> <span class='ocrx_word' id='word_1_163' title='bbox 1146 2221 1205 2285; x_wconf 93' lang='lat' dir='ltr'>quo</span> <span class='ocrx_word' id='word_1_164' title='bbox 1229 2202 1266 2268; x_wconf 93' lang='lat' dir='ltr'>de</span> <span class='ocrx_word' id='word_1_165' title='bbox 1288 2197 1472 2270; x_wconf 88' lang='lat' dir='ltr'><strong>trierarchia</strong></span> <span class='ocrx_word' id='word_1_166' title='bbox 1585 2285 1586 2302; x_wconf 12' lang='grc' dir='ltr'><strong>χ</strong></span> 
     </span>
    </p>
   </div>
   <div class='ocr_carea' id='block_1_4' title="bbox 238 2306 1472 2700">
    <p class='ocr_par' dir='ltr' id='par_1_4' title="bbox 238 2306 1472 2700">
     <span class='ocr_line' id='line_1_20' title="bbox 238 2306 1470 2389; baseline -0.007 -15"><span class='ocrx_word' id='word_1_167' title='bbox 238 2328 300 2374; x_wconf 90' lang='lat' dir='ltr'>una</span> <span class='ocrx_word' id='word_1_168' title='bbox 325 2311 373 2374; x_wconf 91' lang='lat' dir='ltr'>est</span> <span class='ocrx_word' id='word_1_169' title='bbox 394 2309 527 2387; x_wconf 88' lang='lat' dir='ltr'><strong>locutus,</strong></span> <span class='ocrx_word' id='word_1_170' title='bbox 552 2309 619 2389; x_wconf 88' lang='lat' dir='ltr'><strong>ipso</strong></span> <span class='ocrx_word' id='word_1_171' title='bbox 641 2307 698 2372; x_wconf 91' lang='lat' dir='ltr'>hoo</span> <span class='ocrx_word' id='word_1_172' title='bbox 720 2309 787 2372; x_wconf 93' lang='lat' dir='ltr'><strong>loco</strong></span> <span class='ocrx_word' id='word_1_173' title='bbox 810 2306 1054 2388; x_wconf 86' lang='lat' dir='ltr'><strong>grammaticum</strong></span> <span class='ocrx_word' id='word_1_174' title='bbox 1075 2325 1124 2371; x_wconf 89' lang='lat' dir='ltr'><strong>res</strong></span> <span class='ocrx_word' id='word_1_175' title='bbox 1146 2306 1322 2371; x_wconf 84' lang='lat' dir='ltr'><strong>confudisse</strong></span> <span class='ocrx_word' id='word_1_176' title='bbox 1345 2323 1381 2370; x_wconf 90' lang='lat' dir='ltr'>ac</span> <span class='ocrx_word' id='word_1_177' title='bbox 1402 2318 1470 2385; x_wconf 89' lang='lat' dir='ltr'><strong>per·</strong></span> 
     </span>
     <span class='ocr_line' id='line_1_21' title="bbox 238 2407 1472 2477; baseline -0.007 -1"><span class='ocrx_word' id='word_1_178' title='bbox 238 2412 379 2477; x_wconf 76' lang='lat' dir='ltr'><strong>turbasse</strong></span> <span class='ocrx_word' id='word_1_179' title='bbox 402 2409 502 2476; x_wconf 90' lang='lat' dir='ltr'><strong>conici</strong></span> <span class='ocrx_word' id='word_1_180' title='bbox 526 2410 609 2476; x_wconf 90' lang='lat' dir='ltr'><strong>licet.</strong></span> <span class='ocrx_word' id='word_1_181' title='bbox 635 2409 694 2475; x_wconf 83' lang='lat' dir='ltr'>Sed</span> <span class='ocrx_word' id='word_1_182' title='bbox 717 2409 841 2474; x_wconf 89' lang='lat' dir='ltr'><strong>etiamsi</strong></span> <span class='ocrx_word' id='word_1_183' title='bbox 864 2410 904 2474; x_wconf 89' lang='lat' dir='ltr'>ad</span> <span class='ocrx_word' id='word_1_184' title='bbox 919 2409 1122 2474; x_wconf 86' lang='lat' dir='ltr'><strong>trierarchiae</strong></span> <span class='ocrx_word' id='word_1_185' title='bbox 1146 2425 1260 2473; x_wconf 88' lang='lat' dir='ltr'><strong>munus</strong></span> <span class='ocrx_word' id='word_1_186' title='bbox 1282 2407 1472 2474; x_wconf 88' lang='lat' dir='ltr'><strong>seutentiam</strong></span> 
     </span>
     <span class='ocr_line' id='line_1_22' title="bbox 239 2507 1469 2597; baseline -0.007 -19"><span class='ocrx_word' id='word_1_187' title='bbox 239 2512 330 2579; x_wconf 90' lang='lat' dir='ltr'><strong>illam</strong></span> <span class='ocrx_word' id='word_1_188' title='bbox 358 2513 550 2579; x_wconf 78' lang='lat' dir='ltr'><strong>referendam</strong></span> <span class='ocrx_word' id='word_1_189' title='bbox 576 2532 641 2578; x_wconf 90' lang='lat' dir='ltr'><strong>esse</strong></span> <span class='ocrx_word' id='word_1_190' title='bbox 663 2512 810 2595; x_wconf 89' lang='lat' dir='ltr'><strong>opineris,</strong></span> <span class='ocrx_word' id='word_1_191' title='bbox 843 2510 923 2576; x_wconf 85' lang='lat' dir='ltr'>nihil</span> <span class='ocrx_word' id='word_1_192' title='bbox 945 2511 1052 2577; x_wconf 87' lang='lat' dir='ltr'><strong>tamen</strong></span> <span class='ocrx_word' id='word_1_193' title='bbox 1073 2512 1230 2594; x_wconf 83' lang='lat' dir='ltr'><strong>proficias3</strong></span> <span class='ocrx_word' id='word_1_194' title='bbox 1265 2531 1354 2597; x_wconf 86' lang='lat' dir='ltr'><strong>nam,</strong></span> <span class='ocrx_word' id='word_1_195' title='bbox 1389 2507 1469 2592; x_wconf 90' lang='lat' dir='ltr'><strong>quod</strong></span> 
     </span>
     <span class='ocr_line' id='line_1_23' title="bbox 240 2611 1472 2700; baseline -0.008 -18"><span class='ocrx_word' id='word_1_196' title='bbox 240 2617 430 2682; x_wconf 86' lang='lat' dir='ltr'><strong>Boeclrhium</strong></span> <span class='ocrx_word' id='word_1_197' title='bbox 453 2617 565 2699; x_wconf 84' lang='lat' dir='ltr'><strong>effugit</strong></span> <span class='ocrx_word' id='word_1_198' title='bbox 587 2614 804 2700; x_wconf 83' lang='lat' dir='ltr'><strong>neglegentem</strong></span> <span class='ocrx_word' id='word_1_199' title='bbox 828 2616 912 2680; x_wconf 84' lang='lat' dir='ltr'><strong>vocis</strong></span> <span class='ocrx_word' id='word_1_200' title='bbox 936 2616 1105 2695; x_wconf 87' lang='grc' dir='ltr'>ςυμμορῖας</span> <span class='ocrx_word' id='word_1_201' title='bbox 1121 2633 1157 2680; x_wconf 89' lang='lat' dir='ltr'>ac</span> <span class='ocrx_word' id='word_1_202' title='bbox 1172 2616 1349 2681; x_wconf 90' lang='grc' dir='ltr'>ςυντελεῖας</span> <span class='ocrx_word' id='word_1_203' title='bbox 1370 2611 1472 2678; x_wconf 91' lang='lat' dir='ltr'><strong>notio·</strong></span> 
     </span>
    </p>
   </div>
   <div class='ocr_carea' id='block_1_5' title="bbox 238 2710 1471 3216">
    <p class='ocr_par' dir='ltr' id='par_1_5' title="bbox 238 2710 1471 3216">
     <span class='ocr_line' id='line_1_24' title="bbox 239 2710 1471 2801; baseline -0.003 -18"><span class='ocrx_word' id='word_1_204' title='bbox 239 2737 327 2794; x_wconf 86' lang='lat' dir='ltr'><strong>nem,</strong></span> <span class='ocrx_word' id='word_1_205' title='bbox 356 2720 413 2785; x_wconf 89' lang='lat' dir='ltr'>hoo</span> <span class='ocrx_word' id='word_1_206' title='bbox 436 2721 537 2801; x_wconf 89' lang='lat' dir='ltr'><strong>posito</strong></span> <span class='ocrx_word' id='word_1_207' title='bbox 560 2712 654 2800; x_wconf 84' lang='lat' dir='ltr'><strong>atque</strong></span> <span class='ocrx_word' id='word_1_208' title='bbox 676 2735 818 2784; x_wconf 85' lang='lat' dir='ltr'><strong>concesso</strong></span> <span class='ocrx_word' id='word_1_209' title='bbox 842 2736 878 2782; x_wconf 84' lang='lat' dir='ltr'>eu</span> <span class='ocrx_word' id='word_1_210' title='bbox 900 2718 1075 2800; x_wconf 88' lang='lat' dir='ltr'><strong>quindecim</strong></span> <span class='ocrx_word' id='word_1_211' title='bbox 1098 2718 1181 2796; x_wconf 90' lang='lat' dir='ltr'><strong>illis,</strong></span> <span class='ocrx_word' id='word_1_212' title='bbox 1205 2718 1243 2783; x_wconf 90' lang='lat' dir='ltr'>de</span> <span class='ocrx_word' id='word_1_213' title='bbox 1266 2719 1380 2800; x_wconf 88' lang='lat' dir='ltr'><strong>quibus</strong></span> <span class='ocrx_word' id='word_1_214' title='bbox 1404 2710 1471 2795; x_wconf 79' lang='lat' dir='ltr'><strong>agi·</strong></span> 
     </span>
     <span class='ocr_line' id='line_1_25' title="bbox 240 2821 1470 2905; baseline -0.007 -19"><span class='ocrx_word' id='word_1_215' title='bbox 240 2840 320 2900; x_wconf 92' lang='lat' dir='ltr'><strong>mus,</strong></span> <span class='ocrx_word' id='word_1_216' title='bbox 344 2822 498 2886; x_wconf 90' lang='lat' dir='ltr'><strong>nomine</strong></span> <span class='ocrx_word' id='word_1_217' title='bbox 521 2822 737 2901; x_wconf 87' lang='grc' dir='ltr'>ςυμμορίας</span> <span class='ocrx_word' id='word_1_218' title='bbox 758 2821 927 2903; x_wconf 84' lang='lat' dir='ltr'><strong>notatis,</strong></span> <span class='ocrx_word' id='word_1_219' title='bbox 951 2824 987 2886; x_wconf 89' lang='lat' dir='ltr'><strong>ut</strong></span> <span class='ocrx_word' id='word_1_220' title='bbox 1004 2839 1041 2885; x_wconf 86' lang='lat' dir='ltr'>ex</span> <span class='ocrx_word' id='word_1_221' title='bbox 1062 2821 1234 2905; x_wconf 75' lang='lat' dir='ltr'>sexaginta,</span> <span class='ocrx_word' id='word_1_222' title='bbox 1258 2823 1312 2903; x_wconf 91' lang='lat' dir='ltr'>qui</span> <span class='ocrx_word' id='word_1_223' title='bbox 1335 2824 1368 2886; x_wconf 92' lang='lat' dir='ltr'>in</span> <span class='ocrx_word' id='word_1_224' title='bbox 1391 2833 1470 2881; x_wconf 90' lang='lat' dir='ltr'><strong>una·</strong></span> 
     </span>
     <span class='ocr_line' id='line_1_26' title="bbox 238 2912 1470 3008; baseline -0.01 -20"><span class='ocrx_word' id='word_1_225' title='bbox 238 2943 357 3007; x_wconf 90' lang='lat' dir='ltr'><strong>quaque</strong></span> <span class='ocrx_word' id='word_1_226' title='bbox 380 2925 549 3007; x_wconf 86' lang='lat' dir='ltr'><strong>symmoria</strong></span> <span class='ocrx_word' id='word_1_227' title='bbox 571 2925 693 3006; x_wconf 85' lang='lat' dir='ltr'><strong>proprie</strong></span> <span class='ocrx_word' id='word_1_228' title='bbox 716 2923 802 2990; x_wconf 89' lang='lat' dir='ltr'><strong>dicta</strong></span> <span class='ocrx_word' id='word_1_229' title='bbox 827 2926 915 2989; x_wconf 88' lang='lat' dir='ltr'><strong>erant</strong></span> <span class='ocrx_word' id='word_1_230' title='bbox 931 2924 1105 3008; x_wconf 79' lang='lat' dir='ltr'>conscripti,</span> <span class='ocrx_word' id='word_1_231' title='bbox 1129 2924 1153 2988; x_wconf 93' lang='lat' dir='ltr'>ii</span> <span class='ocrx_word' id='word_1_232' title='bbox 1170 2924 1308 2989; x_wconf 89' lang='lat' dir='ltr'><strong>vicissim</strong></span> <span class='ocrx_word' id='word_1_233' title='bbox 1324 2912 1470 2989; x_wconf 84' lang='lat' dir='ltr'><strong>destinati</strong></span> 
     </span>
     <span class='ocr_line' id='line_1_27' title="bbox 240 3025 1470 3112; baseline -0.009 -20"><span class='ocrx_word' id='word_1_234' title='bbox 240 3030 322 3107; x_wconf 85' lang='lat' dir='ltr'><strong>suut,</strong></span> <span class='ocrx_word' id='word_1_235' title='bbox 347 3026 458 3112; x_wconf 90' lang='lat' dir='ltr'><strong>quibus</strong></span> <span class='ocrx_word' id='word_1_236' title='bbox 481 3047 514 3092; x_wconf 91' lang='lat' dir='ltr'>re</span> <span class='ocrx_word' id='word_1_237' title='bbox 529 3046 602 3093; x_wconf 86' lang='lat' dir='ltr'><strong>vera</strong></span> <span class='ocrx_word' id='word_1_238' title='bbox 623 3046 736 3092; x_wconf 88' lang='lat' dir='ltr'><strong>munus</strong></span> <span class='ocrx_word' id='word_1_239' title='bbox 759 3025 956 3092; x_wconf 91' lang='lat' dir='ltr'><strong>subeundum</strong></span> <span class='ocrx_word' id='word_1_240' title='bbox 979 3031 1070 3108; x_wconf 87' lang='lat' dir='ltr'><strong>esset,</strong></span> <span class='ocrx_word' id='word_1_241' title='bbox 1095 3045 1262 3111; x_wconf 86' lang='lat' dir='ltr'><strong>eorumque</strong></span> <span class='ocrx_word' id='word_1_242' title='bbox 1284 3030 1321 3092; x_wconf 92' lang='lat' dir='ltr'><strong>ut</strong></span> <span class='ocrx_word' id='word_1_243' title='bbox 1344 3027 1470 3093; x_wconf 91' lang='lat' dir='ltr'><strong>illorum</strong></span> 
     </span>
     <span class='ocr_line' id='line_1_28' title="bbox 238 3119 1470 3216; baseline -0.005 -20"><span class='ocrx_word' id='word_1_244' title='bbox 238 3133 399 3216; x_wconf 83' lang='lat' dir='ltr'><strong>sexaginta</strong></span> <span class='ocrx_word' id='word_1_245' title='bbox 429 3131 483 3196; x_wconf 92' lang='lat' dir='ltr'><strong>alii</strong></span> <span class='ocrx_word' id='word_1_246' title='bbox 513 3129 575 3196; x_wconf 92' lang='lat' dir='ltr'><strong>alio</strong></span> <span class='ocrx_word' id='word_1_247' title='bbox 601 3130 740 3212; x_wconf 89' lang='lat' dir='ltr'><strong>tempore</strong></span> <span class='ocrx_word' id='word_1_248' title='bbox 768 3129 968 3195; x_wconf 87' lang='lat' dir='ltr'><strong>trierarchiae</strong></span> <span class='ocrx_word' id='word_1_249' title='bbox 995 3131 1150 3196; x_wconf 91' lang='lat' dir='ltr'><strong>immunes</strong></span> <span class='ocrx_word' id='word_1_250' title='bbox 1173 3129 1351 3214; x_wconf 60' lang='lat' dir='ltr'><strong>fueruutb:</strong></span> <span class='ocrx_word' id='word_1_251' title='bbox 1383 3119 1470 3210; x_wconf 86' lang='lat' dir='ltr'><strong>quini</strong></span> 
     </span>
    </p>
   </div>
   <div class='ocr_carea' id='block_1_6' title="bbox 236 3274 1469 4471">
    <p class='ocr_par' dir='ltr' id='par_1_6' title="bbox 236 3274 1469 4042">
     <span class='ocr_line' id='line_1_29' title="bbox 343 3274 1468 3352; baseline -0.007 -14"><span class='ocrx_word' id='word_1_252' title='bbox 343 3288 363 3348; x_wconf 90' lang='lat'>¹)</span> <span class='ocrx_word' id='word_1_253' title='bbox 381 3283 415 3339; x_wconf 93' lang='lat' dir='ltr'>In</span> <span class='ocrx_word' id='word_1_254' title='bbox 436 3285 487 3337; x_wconf 84' lang='lat' dir='ltr'>beo</span> <span class='ocrx_word' id='word_1_255' title='bbox 509 3285 629 3337; x_wconf 84' lang='lat' dir='ltr'><strong>oratione</strong></span> <span class='ocrx_word' id='word_1_256' title='bbox 653 3284 686 3337; x_wconf 91' lang='lat' dir='ltr'>de</span> <span class='ocrx_word' id='word_1_257' title='bbox 708 3284 811 3337; x_wconf 88' lang='lat' dir='ltr'><strong>tributo</strong></span> <span class='ocrx_word' id='word_1_258' title='bbox 837 3283 977 3352; x_wconf 85' lang='lat' dir='ltr'><strong>praecipue</strong></span> <span class='ocrx_word' id='word_1_259' title='bbox 1004 3285 1093 3337; x_wconf 85' lang='lat' dir='ltr'><strong>actum</strong></span> <span class='ocrx_word' id='word_1_260' title='bbox 1120 3299 1177 3337; x_wconf 89' lang='lat' dir='ltr'><strong>esse</strong></span> <span class='ocrx_word' id='word_1_261' title='bbox 1203 3300 1233 3338; x_wconf 82' lang='lat' dir='ltr'>ex</span> <span class='ocrx_word' id='word_1_262' title='bbox 1250 3300 1280 3338; x_wconf 93' lang='lat' dir='ltr'>eo</span> <span class='ocrx_word' id='word_1_263' title='bbox 1298 3285 1356 3338; x_wconf 88' lang='lat' dir='ltr'><strong>veri</strong></span> <span class='ocrx_word' id='word_1_264' title='bbox 1381 3274 1468 3334; x_wconf 86' lang='lat' dir='ltr'><strong>simile</strong></span> 
     </span>
     <span class='ocr_line' id='line_1_30' title="bbox 238 3360 1469 3440; baseline -0.011 -15"><span class='ocrx_word' id='word_1_265' title='bbox 238 3370 374 3435; x_wconf 86' lang='lat' dir='ltr'><strong>redditur,</strong></span> <span class='ocrx_word' id='word_1_266' title='bbox 401 3369 472 3439; x_wconf 89' lang='lat' dir='ltr'><strong>quod</strong></span> <span class='ocrx_word' id='word_1_267' title='bbox 495 3370 606 3423; x_wconf 88' lang='lat' dir='ltr'><strong>alterius</strong></span> <span class='ocrx_word' id='word_1_268' title='bbox 622 3368 846 3438; x_wconf 83' lang='lat' dir='ltr'><strong>Harpocraticnis</strong></span> <span class='ocrx_word' id='word_1_269' title='bbox 870 3369 935 3433; x_wconf 91' lang='lat' dir='ltr'><strong>loci,</strong></span> <span class='ocrx_word' id='word_1_270' title='bbox 962 3368 997 3422; x_wconf 85' lang='lat' dir='ltr'>ad</span> <span class='ocrx_word' id='word_1_271' title='bbox 1014 3370 1125 3423; x_wconf 85' lang='lat' dir='ltr'><strong>eandem</strong></span> <span class='ocrx_word' id='word_1_272' title='bbox 1148 3370 1295 3424; x_wconf 89' lang='lat' dir='ltr'><strong>orationem</strong></span> <span class='ocrx_word' id='word_1_273' title='bbox 1313 3360 1469 3440; x_wconf 83' lang='lat' dir='ltr'><strong>spectantis,</strong></span> 
     </span>
     <span class='ocr_line' id='line_1_31' title="bbox 238 3453 1469 3526; baseline 0.002 -17"><span class='ocrx_word' id='word_1_274' title='bbox 238 3455 320 3510; x_wconf 85' lang='lat' dir='ltr'><strong>verba</strong></span> <span class='ocrx_word' id='word_1_275' title='bbox 342 3455 431 3523; x_wconf 84' lang='lat' dir='ltr'><strong>magis</strong></span> <span class='ocrx_word' id='word_1_276' title='bbox 449 3455 482 3508; x_wconf 84' lang='lat' dir='ltr'>ad</span> <span class='ocrx_word' id='word_1_277' title='bbox 499 3455 551 3509; x_wconf 91' lang='lat' dir='ltr'>hoc</span> <span class='ocrx_word' id='word_1_278' title='bbox 569 3471 668 3508; x_wconf 91' lang='lat' dir='ltr'><strong>munus</strong></span> <span class='ocrx_word' id='word_1_279' title='bbox 685 3455 818 3524; x_wconf 81' lang='lat' dir='ltr'><strong>quadrant</strong></span> <span class='ocrx_word' id='word_1_280' title='bbox 836 3471 916 3524; x_wconf 89' lang='lat' dir='ltr'><strong>quam</strong></span> <span class='ocrx_word' id='word_1_281' title='bbox 934 3453 967 3508; x_wconf 86' lang='lat' dir='ltr'>ad</span> <span class='ocrx_word' id='word_1_282' title='bbox 985 3455 1169 3509; x_wconf 82' lang='lat' dir='ltr'><strong>trierarchinm</strong></span> <span class='ocrx_word' id='word_1_283' title='bbox 1188 3457 1252 3526; x_wconf 85' lang='grc'><strong>[(90,</strong></span> <span class='ocrx_word' id='word_1_284' title='bbox 1271 3456 1314 3522; x_wconf 84' lang='grc'>15)</span> <span class='ocrx_word' id='word_1_285' title='bbox 1333 3456 1469 3520; x_wconf 69' lang='lat' dir='ltr'><strong>osdroen-</strong></span> 
     </span>
     <span class='ocr_line' id='line_1_32' title="bbox 240 3542 1469 3612; baseline -0.001 -17"><span class='ocrx_word' id='word_1_286' title='bbox 240 3558 278 3607; x_wconf 90' lang='grc' dir='ltr'>μα</span> <span class='ocrx_word' id='word_1_287' title='bbox 290 3543 323 3596; x_wconf 88' lang='grc' dir='ltr'>τὸ</span> <span class='ocrx_word' id='word_1_288' title='bbox 336 3544 515 3607; x_wconf 90' lang='grc' dir='ltr'>ταττόμενον</span> <span class='ocrx_word' id='word_1_289' title='bbox 527 3543 559 3595; x_wconf 90' lang='grc' dir='ltr'>ἐν</span> <span class='ocrx_word' id='word_1_290' title='bbox 571 3546 634 3596; x_wconf 86' lang='grc' dir='ltr'>ταῖς</span> <span class='ocrx_word' id='word_1_291' title='bbox 647 3542 819 3610; x_wconf 86' lang='grc' dir='ltr'>ςυμμορῖαις,</span> <span class='ocrx_word' id='word_1_292' title='bbox 839 3543 969 3596; x_wconf 90' lang='grc' dir='ltr'>όπόςον</span> <span class='ocrx_word' id='word_1_293' title='bbox 988 3543 1138 3597; x_wconf 83' lang='grc' dir='ltr'>ἕκαςτον</span> <span class='ocrx_word' id='word_1_294' title='bbox 1158 3544 1270 3612; x_wconf 78' lang='grc' dir='ltr'>ἄνδρα</span> <span class='ocrx_word' id='word_1_295' title='bbox 1288 3542 1469 3610; x_wconf 77' lang='grc' dir='ltr'>εἰςφέρεῑν</span> 
     </span>
     <span class='ocr_line' id='line_1_33' title="bbox 238 3619 1469 3696; baseline 0.002 -17"><span class='ocrx_word' id='word_1_296' title='bbox 238 3628 302 3682; x_wconf 82' lang='grc' dir='ltr'>δεῖ.</span> <span class='ocrx_word' id='word_1_297' title='bbox 319 3627 457 3681; x_wconf 80' lang='grc' dir='ltr'>ἐτάττετο</span> <span class='ocrx_word' id='word_1_298' title='bbox 476 3628 506 3680; x_wconf 85' lang='grc' dir='ltr'>δὲ</span> <span class='ocrx_word' id='word_1_299' title='bbox 524 3628 558 3680; x_wconf 92' lang='grc' dir='ltr'>ού</span> <span class='ocrx_word' id='word_1_300' title='bbox 576 3628 610 3681; x_wconf 88' lang='grc' dir='ltr'>τὸ</span> <span class='ocrx_word' id='word_1_301' title='bbox 629 3629 701 3682; x_wconf 88' lang='grc' dir='ltr'>αύτό</span> <span class='ocrx_word' id='word_1_302' title='bbox 719 3633 810 3691; x_wconf 75' lang='lat' dir='ltr'><strong>adero,</strong></span> <span class='ocrx_word' id='word_1_303' title='bbox 829 3627 899 3682; x_wconf 87' lang='grc' dir='ltr'>ἀλλὰ</span> <span class='ocrx_word' id='word_1_304' title='bbox 917 3629 989 3696; x_wconf 84' lang='grc' dir='ltr'>πρὸς</span> <span class='ocrx_word' id='word_1_305' title='bbox 1007 3629 1062 3694; x_wconf 87' lang='grc' dir='ltr'>τὴν</span> <span class='ocrx_word' id='word_1_306' title='bbox 1080 3627 1191 3696; x_wconf 85' lang='grc' dir='ltr'>τίμηςιν</span> <span class='ocrx_word' id='word_1_307' title='bbox 1209 3634 1262 3696; x_wconf 77' lang='grc' dir='ltr'>τῆς</span> <span class='ocrx_word' id='word_1_308' title='bbox 1280 3628 1387 3684; x_wconf 78' lang='lat' dir='ltr'><strong>oddae.</strong></span> <span class='ocrx_word' id='word_1_309' title='bbox 1405 3619 1469 3687; x_wconf 70' lang='grc' dir='ltr'>περὶ</span> 
     </span>
     <span class='ocr_line' id='line_1_34' title="bbox 238 3710 1468 3782; baseline -0.006 -17"><span class='ocrx_word' id='word_1_310' title='bbox 238 3714 269 3767; x_wconf 88' lang='grc' dir='ltr'>δέ</span> <span class='ocrx_word' id='word_1_311' title='bbox 287 3714 402 3766; x_wconf 88' lang='grc' dir='ltr'>τούτων</span> <span class='ocrx_word' id='word_1_312' title='bbox 430 3713 593 3779; x_wconf 84' lang='grc' dir='ltr'>ςαφὲςτατα</span> <span class='ocrx_word' id='word_1_313' title='bbox 620 3714 782 3780; x_wconf 90' lang='grc' dir='ltr'>δεδήλωκεν</span> <span class='ocrx_word' id='word_1_314' title='bbox 800 3714 861 3769; x_wconf 88' lang='grc' dir='ltr'>Ὑπ.</span> <span class='ocrx_word' id='word_1_315' title='bbox 880 3714 911 3767; x_wconf 88' lang='grc' dir='ltr'>έν</span> <span class='ocrx_word' id='word_1_316' title='bbox 935 3718 978 3782; x_wconf 82' lang='grc' dir='ltr'>τῷ</span> <span class='ocrx_word' id='word_1_317' title='bbox 1005 3715 1079 3768; x_wconf 89' lang='grc' dir='ltr'>κατὰ</span> <span class='ocrx_word' id='word_1_318' title='bbox 1106 3715 1291 3769; x_wconf 86' lang='grc' dir='ltr'>Πολυεύκτου</span> <span class='ocrx_word' id='word_1_319' title='bbox 1318 3715 1382 3782; x_wconf 81' lang='grc' dir='ltr'>περὶ</span> <span class='ocrx_word' id='word_1_320' title='bbox 1410 3710 1468 3761; x_wconf 87' lang='grc' dir='ltr'>δια·</span> 
     </span>
     <span class='ocr_line' id='line_1_35' title="bbox 236 3790 1467 3869; baseline 0 -18"><span class='ocrx_word' id='word_1_321' title='bbox 236 3800 411 3866; x_wconf 88' lang='grc' dir='ltr'>γράμματος.</span> <span class='ocrx_word' id='word_1_322' title='bbox 440 3800 615 3867; x_wconf 85' lang='grc' dir='ltr'>διαγραφεὺς</span> <span class='ocrx_word' id='word_1_323' title='bbox 639 3801 735 3864; x_wconf 89' lang='grc' dir='ltr'>μέντοι</span> <span class='ocrx_word' id='word_1_324' title='bbox 758 3801 833 3854; x_wconf 84' lang='grc' dir='ltr'>ἐςτῖν</span> <span class='ocrx_word' id='word_1_325' title='bbox 851 3801 867 3852; x_wconf 89' lang='grc' dir='ltr'>δ</span> <span class='ocrx_word' id='word_1_326' title='bbox 886 3801 1089 3864; x_wconf 87' lang='grc' dir='ltr'>καθιςτόμενος</span> <span class='ocrx_word' id='word_1_327' title='bbox 1107 3801 1138 3854; x_wconf 87' lang='grc' dir='ltr'>έν</span> <span class='ocrx_word' id='word_1_328' title='bbox 1156 3807 1220 3854; x_wconf 84' lang='grc' dir='ltr'>ταῖς</span> <span class='ocrx_word' id='word_1_329' title='bbox 1238 3799 1403 3869; x_wconf 86' lang='grc' dir='ltr'>ευμμορίαις</span> <span class='ocrx_word' id='word_1_330' title='bbox 1423 3790 1467 3845; x_wconf 74' lang='grc' dir='ltr'>ἐπὶ</span> 
     </span>
     <span class='ocr_line' id='line_1_36' title="bbox 236 3877 1466 3954; baseline -0.004 -17"><span class='ocrx_word' id='word_1_331' title='bbox 236 3889 279 3952; x_wconf 83' lang='grc' dir='ltr'>τῷ</span> <span class='ocrx_word' id='word_1_332' title='bbox 299 3886 452 3953; x_wconf 86' lang='grc' dir='ltr'>διακρῖναι,</span> <span class='ocrx_word' id='word_1_333' title='bbox 470 3887 579 3939; x_wconf 90' lang='grc' dir='ltr'>πόςον</span> <span class='ocrx_word' id='word_1_334' title='bbox 598 3885 745 3940; x_wconf 87' lang='grc' dir='ltr'>ἕκαςτος</span> <span class='ocrx_word' id='word_1_335' title='bbox 763 3885 853 3954; x_wconf 80' lang='grc' dir='ltr'>ἀνὴρ</span> <span class='ocrx_word' id='word_1_336' title='bbox 872 3885 1091 3953; x_wconf 79' lang='grc' dir='ltr'>εῖςενεγκεῑν</span> <span class='ocrx_word' id='word_1_337' title='bbox 1110 3886 1265 3954; x_wconf 67' lang='lat' dir='ltr'><strong>coellet,</strong></span> <span class='ocrx_word' id='word_1_338' title='bbox 1285 3888 1325 3941; x_wconf 84' lang='grc' dir='ltr'>ὡς</span> <span class='ocrx_word' id='word_1_339' title='bbox 1342 3888 1358 3939; x_wconf 91' lang='grc' dir='ltr'>ὁ</span> <span class='ocrx_word' id='word_1_340' title='bbox 1377 3877 1466 3937; x_wconf 80' lang='grc' dir='ltr'>αὐτὸς</span> 
     </span>
     <span class='ocr_line' id='line_1_37' title="bbox 237 3971 1041 4042; baseline 0.002 -18"><span class='ocrx_word' id='word_1_341' title='bbox 237 3971 320 4024; x_wconf 88' lang='grc' dir='ltr'>πάλιν</span> <span class='ocrx_word' id='word_1_342' title='bbox 339 3972 466 4038; x_wconf 88' lang='grc' dir='ltr'>φανερὸν</span> <span class='ocrx_word' id='word_1_343' title='bbox 485 3977 560 4026; x_wconf 87' lang='grc' dir='ltr'>ποιεῖ</span> <span class='ocrx_word' id='word_1_344' title='bbox 580 3972 611 4025; x_wconf 84' lang='grc' dir='ltr'>ἐν</span> <span class='ocrx_word' id='word_1_345' title='bbox 629 3975 671 4040; x_wconf 81' lang='grc' dir='ltr'>τῷ</span> <span class='ocrx_word' id='word_1_346' title='bbox 690 3973 764 4026; x_wconf 85' lang='grc' dir='ltr'>κατὰ</span> <span class='ocrx_word' id='word_1_347' title='bbox 783 3974 968 4027; x_wconf 86' lang='grc' dir='ltr'>Πολυεύκτου</span> <span class='ocrx_word' id='word_1_348' title='bbox 987 3973 1041 4042; x_wconf 84' lang='grc'>-].</span> 
     </span>
    </p>

    <p class='ocr_par' dir='ltr' id='par_1_7' title="bbox 236 4049 1468 4471">
     <span class='ocr_line' id='line_1_38' title="bbox 340 4049 1468 4128; baseline -0.003 -19"><span class='ocrx_word' id='word_1_349' title='bbox 340 4057 360 4120; x_wconf 77' lang='lat'>²)</span> <span class='ocrx_word' id='word_1_350' title='bbox 378 4055 487 4111; x_wconf 83' lang='lat' dir='ltr'><strong>Praeter</strong></span> <span class='ocrx_word' id='word_1_351' title='bbox 505 4073 551 4111; x_wconf 82' lang='lat' dir='ltr'><strong>eos</strong></span> <span class='ocrx_word' id='word_1_352' title='bbox 567 4057 697 4122; x_wconf 87' lang='lat' dir='ltr'><strong>homines,</strong></span> <span class='ocrx_word' id='word_1_353' title='bbox 716 4056 864 4126; x_wconf 87' lang='lat' dir='ltr'><strong>dequibus</strong></span> <span class='ocrx_word' id='word_1_354' title='bbox 882 4057 1075 4113; x_wconf 91' lang='lat' dir='ltr'><strong>Demosthenes</strong></span> <span class='ocrx_word' id='word_1_355' title='bbox 1093 4056 1166 4125; x_wconf 85' lang='lat' dir='ltr'><strong>XIV,</strong></span> <span class='ocrx_word' id='word_1_356' title='bbox 1188 4058 1220 4112; x_wconf 86' lang='grc'>16</span> <span class='ocrx_word' id='word_1_357' title='bbox 1238 4058 1366 4128; x_wconf 87' lang='lat' dir='ltr'><strong>loquitur,</strong></span> <span class='ocrx_word' id='word_1_358' title='bbox 1389 4049 1468 4106; x_wconf 68' lang='lat' dir='ltr'><strong>ulios·</strong></span> 
     </span>
     <span class='ocr_line' id='line_1_39' title="bbox 237 4135 1468 4214; baseline 0.003 -21"><span class='ocrx_word' id='word_1_359' title='bbox 237 4155 302 4208; x_wconf 90' lang='lat' dir='ltr'><strong>que,</strong></span> <span class='ocrx_word' id='word_1_360' title='bbox 328 4142 375 4209; x_wconf 81' lang='lat' dir='ltr'>qui</span> <span class='ocrx_word' id='word_1_361' title='bbox 392 4158 407 4195; x_wconf 95' lang='lat' dir='ltr'><strong>e</strong></span> <span class='ocrx_word' id='word_1_362' title='bbox 424 4143 483 4211; x_wconf 85' lang='lat' dir='ltr'><strong>lege</strong></span> <span class='ocrx_word' id='word_1_363' title='bbox 501 4143 674 4198; x_wconf 81' lang='lat' dir='ltr'><strong>immunitate</strong></span> <span class='ocrx_word' id='word_1_364' title='bbox 696 4143 809 4198; x_wconf 84' lang='lat' dir='ltr'><strong>subinde</strong></span> <span class='ocrx_word' id='word_1_365' title='bbox 827 4144 985 4200; x_wconf 80' lang='lat' dir='ltr'><strong>fruebantur</strong></span> <span class='ocrx_word' id='word_1_366' title='bbox 1004 4144 1047 4211; x_wconf 85' lang='lat' dir='ltr'><strong>(cf.</strong></span> <span class='ocrx_word' id='word_1_367' title='bbox 1068 4143 1142 4198; x_wconf 79' lang='lat' dir='ltr'><strong>Part.</strong></span> <span class='ocrx_word' id='word_1_368' title='bbox 1161 4143 1188 4198; x_wconf 89' lang='lat' dir='ltr'><strong>H</strong></span> <span class='ocrx_word' id='word_1_369' title='bbox 1200 4144 1239 4211; x_wconf 79' lang='lat' dir='ltr'>A,</span> <span class='ocrx_word' id='word_1_370' title='bbox 1258 4144 1323 4214; x_wconf 81' lang='lat' dir='ltr'><strong>Cap.</strong></span> <span class='ocrx_word' id='word_1_371' title='bbox 1341 4143 1369 4210; x_wconf 89' lang='lat' dir='ltr'>I,</span> <span class='ocrx_word' id='word_1_372' title='bbox 1388 4141 1414 4207; x_wconf 68' lang='grc' dir='ltr'>ξ.</span> <span class='ocrx_word' id='word_1_373' title='bbox 1431 4135 1468 4196; x_wconf 65' lang='grc'>2),</span> 
     </span>
     <span class='ocr_line' id='line_1_40' title="bbox 236 4226 1466 4299; baseline -0.005 -20"><span class='ocrx_word' id='word_1_374' title='bbox 236 4241 271 4279; x_wconf 90' lang='lat' dir='ltr'>ne</span> <span class='ocrx_word' id='word_1_375' title='bbox 289 4228 390 4281; x_wconf 87' lang='lat' dir='ltr'><strong>eeteros</strong></span> <span class='ocrx_word' id='word_1_376' title='bbox 408 4228 515 4295; x_wconf 90' lang='lat' dir='ltr'><strong>quidem</strong></span> <span class='ocrx_word' id='word_1_377' title='bbox 538 4244 644 4294; x_wconf 87' lang='lat' dir='ltr'><strong>omues,</strong></span> <span class='ocrx_word' id='word_1_378' title='bbox 672 4230 720 4298; x_wconf 91' lang='lat' dir='ltr'>qui</span> <span class='ocrx_word' id='word_1_379' title='bbox 738 4230 766 4282; x_wconf 86' lang='lat' dir='ltr'>iu</span> <span class='ocrx_word' id='word_1_380' title='bbox 785 4230 907 4299; x_wconf 85' lang='lat' dir='ltr'><strong>collegiis</strong></span> <span class='ocrx_word' id='word_1_381' title='bbox 925 4233 1016 4294; x_wconf 87' lang='lat' dir='ltr'><strong>eraut,</strong></span> <span class='ocrx_word' id='word_1_382' title='bbox 1043 4243 1202 4298; x_wconf 80' lang='lat' dir='ltr'><strong>unoquoque</strong></span> <span class='ocrx_word' id='word_1_383' title='bbox 1219 4234 1338 4299; x_wconf 88' lang='lat' dir='ltr'><strong>tempore</strong></span> <span class='ocrx_word' id='word_1_384' title='bbox 1355 4226 1466 4282; x_wconf 83' lang='lat' dir='ltr'><strong>trierar-</strong></span> 
     </span>
     <span class='ocr_line' id='line_1_41' title="bbox 237 4310 1466 4384; baseline -0.002 -20"><span class='ocrx_word' id='word_1_385' title='bbox 237 4310 313 4364; x_wconf 88' lang='lat' dir='ltr'><strong>cbiae</strong></span> <span class='ocrx_word' id='word_1_386' title='bbox 339 4311 474 4380; x_wconf 88' lang='lat' dir='ltr'><strong>obligatos</strong></span> <span class='ocrx_word' id='word_1_387' title='bbox 497 4329 554 4366; x_wconf 89' lang='lat' dir='ltr'><strong>esse</strong></span> <span class='ocrx_word' id='word_1_388' title='bbox 579 4314 773 4369; x_wconf 88' lang='lat' dir='ltr'><strong>Demosthenes</strong></span> <span class='ocrx_word' id='word_1_389' title='bbox 799 4317 916 4370; x_wconf 81' lang='lat' dir='ltr'><strong>testetur</strong></span> <span class='ocrx_word' id='word_1_390' title='bbox 934 4316 982 4381; x_wconf 85' lang='lat' dir='ltr'>IV,</span> <span class='ocrx_word' id='word_1_391' title='bbox 1000 4317 1048 4370; x_wconf 81' lang='lat'>36:</span> <span class='ocrx_word' id='word_1_392' title='bbox 1078 4319 1122 4371; x_wconf 91' lang='grc' dir='ltr'>ὅτι</span> <span class='ocrx_word' id='word_1_393' title='bbox 1149 4319 1245 4373; x_wconf 83' lang='grc' dir='ltr'>ἐκεῖνα</span> <span class='ocrx_word' id='word_1_394' title='bbox 1273 4319 1324 4384; x_wconf 85' lang='grc' dir='ltr'>μέν</span> <span class='ocrx_word' id='word_1_395' title='bbox 1351 4315 1466 4368; x_wconf 78' lang='grc' dir='ltr'>ἅπαντα</span> 
     </span>
     <span class='ocr_line' id='line_1_42' title="bbox 237 4391 1466 4471; baseline 0.008 -21"><span class='ocrx_word' id='word_1_396' title='bbox 237 4398 474 4465; x_wconf 88' lang='grc' dir='ltr'>νόμῳτέτακται,</span> <span class='ocrx_word' id='word_1_397' title='bbox 492 4400 724 4468; x_wconf 88' lang='grc' dir='ltr'>καῖπρόοιδεν</span> <span class='ocrx_word' id='word_1_398' title='bbox 743 4401 892 4456; x_wconf 87' lang='grc' dir='ltr'>ἕκαςτυς</span> <span class='ocrx_word' id='word_1_399' title='bbox 909 4403 1006 4468; x_wconf 71' lang='lat' dir='ltr'><strong>opos</strong></span> <span class='ocrx_word' id='word_1_400' title='bbox 1025 4404 1219 4469; x_wconf 84' lang='grc' dir='ltr'>έκπολλυῡ,</span> <span class='ocrx_word' id='word_1_401' title='bbox 1237 4404 1293 4458; x_wconf 82' lang='grc' dir='ltr'>τῖς</span> <span class='ocrx_word' id='word_1_402' title='bbox 1310 4391 1466 4471; x_wconf 70' lang='grc' dir='ltr'>χορηῖὸ(</span> 
     </span>
    </p>
   </div>
   <div class='ocr_carea' id='block_1_7' title="bbox 237 4482 1582 4556">
    <p class='ocr_par' dir='ltr' id='par_1_8' title="bbox 237 4482 1582 4556">
     <span class='ocr_line' id='line_1_43' title="bbox 237 4482 1582 4556; baseline -0.009 -8"><span class='ocrx_word' id='word_1_403' title='bbox 237 4482 539 4552; x_wconf 72' lang='grc' dir='ltr'>ἢῖυμναςίαρχος</span> <span class='ocrx_word' id='word_1_404' title='bbox 561 4489 624 4552; x_wconf 83' lang='grc' dir='ltr'>τῆς</span> <span class='ocrx_word' id='word_1_405' title='bbox 647 4489 774 4554; x_wconf 80' lang='grc' dir='ltr'>φυλῆς,</span> <span class='ocrx_word' id='word_1_406' title='bbox 801 4489 887 4542; x_wconf 86' lang='grc' dir='ltr'>πότε</span> <span class='ocrx_word' id='word_1_407' title='bbox 911 4491 969 4542; x_wconf 86' lang='grc' dir='ltr'>καῖ</span> <span class='ocrx_word' id='word_1_408' title='bbox 992 4489 1085 4556; x_wconf 84' lang='grc' dir='ltr'>παρὰ</span> <span class='ocrx_word' id='word_1_409' title='bbox 1102 4494 1164 4543; x_wconf 84' lang='grc' dir='ltr'>τού</span> <span class='ocrx_word' id='word_1_410' title='bbox 1183 4492 1240 4543; x_wconf 88' lang='grc' dir='ltr'>καῖ</span> <span class='ocrx_word' id='word_1_411' title='bbox 1258 4490 1291 4543; x_wconf 80' lang='lat' dir='ltr'>ri</span> <span class='ocrx_word' id='word_1_412' title='bbox 1308 4483 1466 4553; x_wconf 71' lang='grc' dir='ltr'>λαβόντα</span> <span class='ocrx_word' id='word_1_413' title='bbox 1581 4489 1582 4498; x_wconf 76' lang='grc'>’</span> 
     </span>
    </p>
   </div>
   <div class='ocr_carea' id='block_1_8' title="bbox 0 0 1620 5044">
    <p class='ocr_par' dir='ltr' id='par_1_9' title="bbox 0 0 1620 5044">
     <span class='ocr_line' id='line_1_44' title="bbox 0 0 1620 5044; baseline 0 1"><span class='ocrx_word' id='word_1_414' title='bbox 0 0 1620 5044; x_wconf 95' lang='lat' dir='ltr'> </span> 
     </span>
    </p>
   </div>
  </div>
 </body>
</html>
