3232 5044
768 273 974 340 *tt-

260 465 321 550 καί
343 465 527 541 χορηγίαι
551 465 750 543 εὐδαιμονία(
772 468 830 543 μὲν
851 466 962 530 ἱκανὸν
985 465 1110 542 ιημείόν
1132 463 1203 538 ἐιτι,
1226 468 1283 528 τοῦ
1300 463 1390 540 δὲμὴ
1407 461 1485 526 ἀπο-

259 569 374 630 κτεῖναι
397 565 567 633 τάναντίαιι
594 567 653 630 hue
674 567 782 632 referri
804 565 887 643 lieet,
912 585 983 630 eum
1005 566 1081 630 haee
1095 564 1191 631 verba
1206 566 1347 648 spectent
1361 564 1401 630 ari
1415 583 1486 630 sen·
1536 589 1539 594 ·

261 669 405 745 tentiam,
429 687 507 751 quae
530 671 571 749 II,
596 677 613 750 β
638 671 678 734 12
700 673 799 753 posite
822 675 883 736 eet:
910 671 983 749 ιιέμὲ
1006 673 1042 736 δὲ
1066 672 1101 735 ἐκ
1123 674 1187 734 τῶν
1211 670 1486 748 προειργαιμένιιιν

258 771 411 845 γνῶεεεθε
435 773 509 838 οὔτε
533 775 778 853 ἐπιβουλεύοντα
800 775 874 839 οὐτε
897 778 962 838 τῶν
977 775 1016 838 οὐ
1032 773 1258 852 προιηκόντων
1281 771 1483 851 ὀρεγόμενον,

258 874 399 939 ἀλλύτὰ
422 877 548 941 ἐναντία
569 877 694 942 τούτων
722 879 870 943 πολλὰ(
898 879 969 956 μὲν
997 877 1062 941 καλ
1085 876 1260 956 μεγάλαι
1294 875 1485 953 είιφορὰε

259 977 515 1056 είτφέροντα,
543 982 669 1044 πολλὰ
693 982 737 1044 δὲ
753 983 1085 1058 τριηραρχοῦντα,
1107 983 1293 1058 λαμπρῶε
1316 980 1485 1056 δὲχορη-

258 1085 420 1157 γοῦντα,
443 1084 571 1146 πολλοί(
595 1084 631 1146 δὲ
654 1082 855 1160 ἐρανίζοντα;
880 1083 1013 1164 denique
1035 1081 1138 1146 eonfer
1160 1081 1231 1163 Lys.
1255 1063 1323 1155 XX,
1348 1080 1398 1155 23,
1423 1080 1483 1144 De-

258 1182 370 1248 meeth.
386 1182 454 1263 LII,
470 1184 530 1264 263
553 1185 663 1266 quibus
678 1185 766 1264 loeis,
790 1201 977 1267 quemquern
994 1185 1165 1250 necessarie
1181 1186 1214 1249 in
1230 1185 1332 1248 verbis
1347 1188 1484 1262 λειτουρ-

257 1289 335 1360 γιῶν
351 1289 381 1349 et
396 1290 587 1366 λειτουργεῖν
609 1290 856 1354 subaudiendum
879 1305 944 1354 esse
970 1286 1205 1354 »triererohiese
1224 1289 1255 1350 et
1275 1285 1487 1350 „trierarehIas

259 1392 435 1469 praestana
459 1377 515 1470 pre
539 1395 623 1456 nerto
646 1391 803 1458 adfirmari
825 1391 942 1475 nequit,
970 1391 1043 1456 hnie
1067 1390 1316 1473 interpretationi
1339 1390 1416 1454 nihil
1438 1393 1486 1454 est

258 1491 493 1573 Impedimente.

363 1595 534 1662 litantem
564 1597 737 1664 levissimos
766 1617 830 1663 esse
858 1599 967 1676 toene,
992 1601 1044 1681 qui
1067 1617 1102 1662 ex
1125 1599 1226 1680 prime
1254 1597 1362 1662 statim
1385 1594 1486 1670 fronte

258 1699 408 1765 innitenti
431 1719 503 1766 eum
529 1702 696 1781 sententie,
721 1721 798 1784 quae
820 1703 911 1768 modo
934 1703 1091 1788 proponiie
1112 1706 1168 1782 est,
1190 1700 1363 1784 discrepare
1377 1699 1485 1770 ,viden-

257 1797 320 1886 tur,
341 1801 433 1886 piene
449 1823 623 1888 eegnesens,
648 1807 782 1885 cunctos,
805 1823 881 1888 quos
897 1803 1041 1887 equidem
1064 1806 1244 1882 invenerim,
1268 1804 1331 1867 iem
1347 1800 1484 1882 adserip-

258 1907 346 1974 eurus
369 1925 453 1971 sum:
482 1908 562 1972 isaei
585 1909 640 1984 IV,
664 1909 720 1973 29:
748 1909 798 1972 καὶ
820 1909 901 1986 ὑπὲρ
924 1910 980 1987 μὲν
1002 1909 1090 1989 ὐμῶν
1113 1907 1187 1972 οὐτε
1210 1907 1372 1986 ετρατείαν
1394 1905 1484 1970 οὐδε-

257 2011 330 2088 μίαν
346 2011 653 2089 ἐιτράτευταιοῦτε
676 2011 870 2090 εἰιφορύιν
893 2011 1084 2089 οὐδεμίαν
1107 2010 1386 2088 είεενήνοχε*
1405 2007 1484 2072 οὔτ’

259 2113 336 2179 ἀλλ’
365 2117 485 2180 οὐδὲν
514 2114 602 2193 ὐμῑν
630 2115 973 2194 λελειτούρ·γηκεν;
1007 2113 1061 2193 XI,
1085 2113 1142 2178 60:
1178 2113 1358 2191 οὐδὲγὰρ
1391 2113 1484 2176 ἐλει-

259 2219 456 2297 τούργουν
479 2220 539 2283 διὰ
562 2219 684 2282 τοῦτό
706 2218 735 2296 γ’
757 2215 875 2295 ἧττον
898 2217 1030 2292 οὐδέν,
1054 2216 1155 2281 ἀλλὰ
1178 2219 1240 2281 καὶ
1263 2215 1485 2294 τῶνείτφε-

257 2321 412 2400 ρόντων
441 2321 485 2400 ἦν
512 2324 667 2386 παλτῶν
694 2322 734 2386 τὰ
762 2323 1019 2401 προιταττόμενα
1048 2321 1120 2401 ὑμῖν
1143 2321 1267 2385 ἅπαντα
1288 2319 1484 2393 ποιούντυινς

259 2425 329 2507 Lyn
347 2425 417 2502 VII,
434 2425 491 2489 31:
515 2427 577 2500 ἐγὼ
598 2426 659 2503 γὰρ
677 2425 717 2489 τὰ
733 2425 802 2504 ἐμοὶ
825 2425 1078 2503 προετεταγμένα
1099 2423 1224 2488 ἅπαντα
1244 2422 1486 2502 προθυμότερον

258 2529 436 2606 πεποίηκα,
464 2527 508 2593 ὼε
540 2528 604 2592 ὑπὸ
626 2532 682 2606 τῆ(
710 2528 835 2593 πόλεως
857 2529 1093 2608 ἠναγκαζόμην,
1128 2529 1179 2592 καί
1207 2521 1407 2606 τριηραρχῶν
1434 2524 1485 2587 καί

259 2633 448 2712 εἰιφορὰε
476 2631 677 2712 είτφέρων
705 2633 768 2696 καὶ
796 2636 981 2710 χορηγῶν
1009 2634 1073 2696 καί
1095 2630 1216 2695 τᾶλλα
1238 2631 1485 2706 λειτουργῶν

259 2737 424 2801 οὐδενὸς
439 2733 802 2812 ἦττονπολυτελῶε
818 2739 894 2799 τῶν
910 2739 1101 2816 πολιτῶν;
1124 2734 1216 2798 Isoer.
1231 2731 1320 2808 VIII,
1341 2733 1398 2798 20:
1415 2728 1483 2796 καθ’

258 2837 389 2914 ἑκάττην
412 2839 449 2902 δὲ
470 2841 528 2918 τὴν
549 2839 668 2918 ἡμέραν
697 2839 791 2917 πρὸ(Ι
807 2839 962 2917 εὐπορίαν
991 2839 1199 2916 ἐπιδώεομεν,
1230 2836 1485 2914 ἀναπεπαυμένοι

259 2957 300 2986 -‘-
325 2943 403 3004 τῶν
427 2941 636 3020 ιείεφορῶν
658 2943 719 3006 καὶ
752 2946 828 3006 τῶν
856 2945 1126 3020 τριηραρχιῶν
1155 2941 1326 3004 καὶτῶν
1354 2937 1485 3002 ἄλλων

260 3045 337 3106 τῶν
358 3043 446 3122 περὶ
469 3044 538 3107 τὸν
560 3044 732 3124 πόλεμον
754 3048 1031 3124 λειτουργιῶν;
1055 3043 1125 3126 Lys.
1149 3041 1246 3122 XXV,
1267 3041 1323 3110 12:
1345 3058 1484 3118 τετριηρ-

260 3145 383 3225 άρχηκα
405 3149 461 3225 μὲν
478 3148 538 3226 γὰρ
555 3147 709 3224 πεντάκιε,
733 3148 783 3212 καί
801 3147 942 3226 τετράκι(
957 3147 1186 3227 νεναυμάχηκα,
1210 3146 1272 3211 καὶ
1295 3142 1485 3236 εἰτφορὰε

259 3235 299 3313 ἐν
322 3254 379 3334 τῷ
400 3233 560 3333 πολέμιρ
583 3251 731 3314 πολλύε
754 3250 1002 3328 εἰεενήνοχα,
1033 3250 1095 3313 καὶ
1118 3247 1241 3314 τᾶλλα
1263 3247 1483 3324 λελειτούρ-

255 3371 363 3435 γηκα
373 3351 512 3432 οὐδενύ(
527 3357 633 3430 χεῖρον
650 3357 713 3418 τῶν
728 3355 884 3428 πολιτῶν;
901 3352 995 3438 Dein·
1011 3351 1115 3430 XXII,
1131 3353 1173 3416 65
1189 3355 1241 3427 (z
1257 3349 1373 3426 XXIV,
1393 3348 1483 3427 172);

254 3453 389 3533 πότεροι
416 3453 502 3538 αὐτῷ
523 3459 678 3523 δοκούιιν
705 3455 824 3520 ἀδικεῖν
842 3458 971 3534 μᾶλλον
993 3457 1050 3532 πλν
1078 3455 1185 3530 πόλιν,
1215 3454 1246 3518 οἱ
1261 3457 1485 3532 γευιργοῡιιτετ

259 3555 311 3620 καὶ
334 3555 526 3635 φειδόμενοι,
549 3558 614 3622 διὰ
637 3558 868 3636 παιδοτροφίαι
885 3560 920 3620 δὲ
937 3558 986 3621 καὶ
1008 3556 1109 3620 οἰκεία
1131 3555 1324 3635 ἀναλώματα
1346 3557 1396 3620 καί
1411 3559 1484 3620 λετ·

258 3659 447 3737 τουργίαε
484 3659 623 3738 ἑτέρα(
662 3660 937 3726 ἐλλελοιπότεε
979 3660 1192 3740 είεφορύιν,
1228 3661 1251 3738 ’ἢ
1283 3659 1314 3723 οἱ
1347 3656 1387 3722 τὰ
1420 3661 1484 3722 τῶν

259 3761 476 3840 ἐθεληεάντιυν
507 3761 688 3840 εἰεενεγκείν
718 3763 861 3842 χρήματα
883 3765 994 3830 καὶτὰ
1022 3764 1110 3842 παρὰ
1139 3764 1307 3843 τυμμάχων
1336 3764 1484 3827 κλέπτον·
1605 3807 1606 3824 2

258 3885 308 3930 τε(
324 3865 374 3930 καί
396 3863 605 3944 ἀπολλύντειγ
629 3863 782 3930 Omnibus
797 3865 844 3928 his
858 3864 933 3932 loeis
948 3865 1045 3932 verba
1067 3868 1268 3944 λειτουργιῶν
1291 3867 1323 3928 et
1345 3868 1484 3943 λειτουρ·

257 3971 323 4043 γεϊν
344 3967 378 4030 ri
392 3964 487 4031 letius
509 3968 644 4048 patente,
667 3985 729 4049 qua
750 3969 990 4051 unumquodque
1012 3969 1076 4032 fere
1093 3983 1190 4051 genus
1206 3984 1371 4031 munerum
1385 3967 1485 4050 pnbli·

258 4069 628 4151 eorumsignifieetnr1),
659 4069 921 4153 aecipipessunt,
956 4072 1038 4154 quod
1060 4071 1225 4148 iudicium,
1249 4071 1276 4133 si
1298 4071 1377 4148 tres,
1407 4084 1484 4152 ques

360 4231 381 4302 ¹')
400 4238 506 4292 Dieiiur
524 4238 595 4292 enim
612 4239 677 4294 haee
693 4253 743 4293 rex
760 4255 782 4293 e.
801 4255 842 4308 gr.
862 4241 891 4294 in
909 4241 1021 4294 tributis
1040 4242 1152 4310 Antiph.
1171 4239 1203 4304 V,
1221 4241 1268 4294 77:
1288 4243 1340 4296 οὐκ
1358 4241 1432 4295 ἕττιν
1450 4269 1483 4280 -

257 4325 400 4390 ἡττινοε
424 4324 655 4395 λειτουργία(
673 4329 691 4392 ἡ
710 4318 790 4380 πύλιε
813 4319 914 4394 ἐνδεὴς
931 4328 1092 4393 γεγένηται,
1111 4329 1178 4382 οὐτε
1200 4330 1218 4394 ἡ
1237 4327 1360 4395 ὑμετέρα
1379 4328 1483 4394 οὐτεή

258 4409 469 4476 Μιτυληναίων,
491 4412 561 4465 ἀλλὰ
574 4414 620 4464 καί
631 4411 768 4480 χορηγία(
786 4419 905 4480 χορηγεῖ
922 4417 969 4467 ’καί
987 4415 1070 4479 τέλη
1090 4414 1324 4480 κατατίθητιν
1337 4413 1381 4482 (ef.
1394 4411 1426 4466 de
1435 4412 1486 4466 hee

257 4496 313 4550 λοοο
342 4496 457 4552 Boecirh.
485 4496 504 4550 l.
524 4513 545 4554 α.
570 4497 597 4562 Ι,
616 4497 691 4564 662);
720 4499 749 4551 in
774 4499 884 4552 miliIia:
906 4499 968 4568 Ityn.
987 4499 1085 4567 XXXI,
1108 4502 1151 4556 15:
1178 4497 1373 4556 ὐπολείπεται’
1386 4498 1486 4553 τοίνυν
