3232 5044
761 289 966 375 ,ρη-

250 499 461 578 minabantur,
486 500 651 578 tributum,
679 497 759 562 unde
782 497 997 562 tolerabantur
1019 495 1094 560 belli
1118 495 1283 578 impensae,
1308 515 1363 561 nos
1388 513 1480 578 repo·

249 601 347 668 suisse
369 605 461 684 atquo
477 621 495 666 a
511 601 647 688 liturgiis
670 619 856 685 segregasse,
880 599 1045 682 inprimis
1068 601 1176 684 legum
1199 599 1380 663 diversitate
1403 617 1479 664 oon·

250 704 400 781 firmatur,
424 722 501 785 quae
518 705 555 770 de
572 706 731 786 utriusque
755 705 875 788 generis
895 701 1076 768 muneribus
1092 701 1240 766 valebant
1252 700 1281 779 ¹).
1306 701 1480 766 Nemeum

250 809 403 874 sancitum
426 807 483 884 sit,
514 825 552 872 ne
576 807 643 888 quis
666 807 786 871 duabus
810 805 916 870 eodem
940 822 1018 870 anno
1042 804 1222 890 fungeretur
1245 805 1396 887 liturgiis,
1426 803 1476 882 (ef.

249 913 327 992 part.
351 909 382 973 ll
394 909 435 988 A,
460 928 525 992 oap.
550 911 565 974 I
589 911 615 991 γ’.
633 911 653 974 2
670 913 698 988 t)
733 909 862 990 ideoque
892 907 963 985 ille,
998 907 1051 989 qui
1081 908 1252 972 orationem
1275 906 1480 972 Demosthen..

248 1015 273 1078 L
296 1015 403 1078 eontra
425 1012 585 1096 Polyolem
607 1011 760 1091 habebat,
788 1013 820 1076 in
843 1029 877 1075 oo
900 1011 941 1074 sit
964 1009 1129 1094 gloriatus,
1152 1010 1233 1092 quod
1262 1009 1477 1074 trierarchiam

248 1115 376 1180 obiisset
399 1114 553 1196 simulque
580 1134 635 1195 pro
651 1113 721 1178 aliis
737 1114 902 1196 pecuniam
918 1113 950 1177 in
966 1116 1161 1178 antecessum
1175 1113 1309 1178 dedisset
1319 1111 1362 1193 ⁹)2
1386 1111 1480 1176 trier-

249 1219 349 1284 archis
359 1221 454 1284 etiam
463 1216 618 1282 tributum
629 1217 708 1282 illud
720 1219 941 1298 praestandum
953 1215 1060 1292 fnisse,
1072 1216 1295 1281 Demosthenes
1304 1216 1370 1298 ipse
1382 1218 1478 1280 testa·

249 1322 426 1408 tanX,28
439 1320 487 1385 his
499 1319 616 1386 verbis:
630 1320 748 1406 οὐκοῦν
760 1319 791 1384 οἱ
802 1321 860 1397 μὲν
871 1319 991 1383 ἐλάττω
1008 1320 1188 1397 κεκτημένοι
1202 1323 1260 1383 τοῦ
1275 1313 1483 1397 τριηραρχίαε

249 1425 319 1494 ἄξια
349 1427 431 1504 ἔχειν
459 1425 493 1488 ἐν
521 1417 600 1489 ταῖε
619 1424 781 1503 εἰεφοραίε
813 1425 1009 1487 ευντελοῦαν
1037 1421 1080 1486 εἰ(
1108 1423 1165 1486 τὸν
1194 1422 1350 1501 πόλεμον,
1381 1421 1420 1486 οἱ
1448 1422 1481 1486 δ’

250 1529 537 1608 ἐφικνούμενοι
566 1531 634 1592 τοῦ
658 1529 916 1606 τριηραρχεῖν
939 1525 994 1590 εἰ(
1017 1523 1227 1604 ἀμφότερα
1249 1525 1337 1602 ὑμῖν
1360 1525 1481 1604 ὑπάρ·

249 1637 380 1698 ξουειν
408 1633 603 1712 χρήειμοι,
637 1630 699 1692 καὶ
726 1631 989 1707 τριηραρχεῖν
1016 1628 1079 1691 καὶ
1103 1625 1347 1708 εἰεφέρεινθ).
1384 1628 1478 1692 Patet

251 1734 335 1797 enim
357 1733 510 1820 oratorem
526 1732 582 1797 hoe
598 1732 664 1796 loeo
681 1729 828 1813 indicare,
852 1729 963 1813 quibus
979 1728 1099 1808 officiis
1124 1748 1195 1796 oum
1210 1730 1244 1795 in
1260 1735 1367 1798 eadem
1385 1729 1483 1798 eausa

251 1835 323 1915 sint,
347 1839 377 1900 et
393 1836 425 1916 ii,
451 1833 563 1918 quibus
587 1835 754 1900 faeultates
777 1834 839 1899 siut
861 1833 1053 1901 sufficientes
1076 1836 1116 1901 ad
1138 1835 1356 1902 trierarolriam
1378 1833 1476 1900 susei-

248 1939 403 2023 piendam‚
423 1941 454 2003 et
465 1939 497 2017 ii,
515 1939 569 2020 qui
581 1937 760 2020 possideant
774 1939 856 2003 bona
871 1935 1000 2016 minora,
1018 1957 1110 2020 quam
1123 1937 1234 2021 quibus
1251 1937 1324 2003 huie
1335 1937 1476 2021 obligen-

254 2044 305 2105 tur
321 2041 451 2119 muneri,
476 2039 652 2106 satisfacere
676 2034 819 2116 debeant,
843 2057 899 2106 neo
921 2039 988 2104 fieri
1010 2042 1124 2128 potest,
1147 2041 1220 2123 quiu
1238 2040 1332 2106 verba
1353 2041 1409 2106 illa
1431 2039 1480 2120 ita

250 2145 506 2228 interpretemur,
529 2148 566 2210 ut
589 2144 783 2232 trierarohis‚
807 2143 833 2208 si
856 2162 930 2228 opus
954 2143 1067 2219 fuerit,
1092 2145 1245 2232 tributum
1268 2145 1476 2226 quoque'sta-

249 2249 375 2336 luamus
398 2247 582 2313 solvendum
605 2246 700 2312 fuisse
723 2249 753 2310 et
776 2264 957 2328 respuamus
973 2245 1065 2310 Balii
1088 2247 1264 2328 opinionem
1286 2247 1310 2312 1.
1327 2264 1352 2312 ο.
1367 2266 1396 2329 ρ.
1414 2247 1482 2311 160

251 2344 398 2436 dicentis:
422 2347 491 2416 „Sia
503 2350 586 2434 enim
601 2368 637 2414 ex
652 2349 764 2414 iisdem
776 2347 918 2430 symoriis
930 2383 973 2394 -
986 2347 1040 2412 alii
1053 2366 1114 2413 non
1126 2349 1212 2414 aliud
1224 2349 1285 2413 nisi
1302 2350 1477 2429 είεέφερον,

249 2443 305 2516 alii
319 2453 540 2532 ἐφικνούμενοι
561 2457 618 2517 τοῦ
640 2455 838 2532 τριηραρχεῖν
855 2451 898 2516 εἰε
913 2449 1082 2531 ἀμφότερα
1103 2453 1247 2532 ὑπῆρχον
1270 2456 1412 2533 χρήαμοι
1428 2457 1479 2518 καὶ

249 2559 447 2635 τριηραρχεῖν
463 2557 513 2620 καί
532 2558 678 2640 (nempe
698 2571 768 2636 quo
792 2572 888 2619 auno
911 2555 1151 2620 trierarchia
1174 2576 1245 2622 non
1267 2557 1477 2642 fungeban-

249 2659 323 2740 tur)
342 2658 495 2737 εἰτφέρειν
508 2657 560 2734 (of.
572 2678 602 2741 p.
615 2657 726 2738 158)ν;
742 2676 819 2739 quae
831 2655 996 2734 sententia,
1012 2661 1228 2740 praeterquam
1245 2661 1336 2740 quod,
1361 2663 1387 2726 si
1402 2661 1482 2726 haee

250 2755 419 2842 exprimere
441 2757 590 2824 uoluisset
608 2757 839 2836 Demosthenes,
864 2777 935 2823 eum
949 2758 998 2822 his
1015 2760 1118 2840 potius
1135 2759 1236 2825 verbis
1253 2761 1388 2827 arbitror
1403 2782 1477 2828 usu·

249 2880 319 2926 rum
331 2861 441 2926 fuisse:
458 2861 500 2927 εἰε
514 2861 682 2942 ἀμφότερα
694 2862 764 2942 ὑμῖν
778 2863 967 2942 troesenen
980 2863 1128 2942 χρήαμοι,
1146 2863 1176 2926 οἱ
1189 2866 1246 2942 μὲν
1260 2864 1303 2928 εἰ(
1318 2867 1356 2929 τὸ
1373 2887 1478 2944 τριηρ-

267 3061 273 3069 “
352 3067 431 3140 ι1111.
449 3055 564 3120 Βοοολτλ.
582 3063 640 3120 Οοο.
664 3067 713 3121 civ.
732 3065 797 3120 Ath.
815 3065 842 3134 I,
861 3067 913 3122 594
936 3083 990 3136 οη,
1018 3067 1081 3134 6213
1109 3067 1255 3123 Hermann.
1279 3067 1296 3121 1.
1317 3085 1338 3122 ο.
1366 3067 1393 3134 Ι,
1412 3068 1478 3134 169ς

249 3149 357 3220 Baliue',
375 3153 422 3222 qui
436 3150 524 3206 Schol.
543 3153 668 3221 hypomn.
686 3152 725 3206 IV
742 3169 767 3222 p.
782 3151 832 3207 166
850 3151 893 3219 (uf.
912 3153 995 3206 etiam
1013 3169 1037 3222 p.
1057 3152 1107 3206 136
1124 3155 1174 3220 sq.)
1192 3152 1352 3208 trierarchos
1371 3153 1481 3208 tributo

249 3241 283 3295 ad
299 3240 366 3295 belli
392 3229 467 3293 usum
489 3239 621 3306 imperato
645 3239 773 3293 liberatos
796 3254 852 3293 esse
869 3254 900 3292 ex
917 3239 993 3295 Deru.
1011 3238 1075 3304 XX,
1095 3239 1126 3292 19
1145 3239 1183 3304 (οἱ
1203 3241 1253 3305 μὲν
1277 3239 1374 3295 τοίνυν
1392 3244 1478 3296 πλου-

251 3329 384 3382 ειιίιτατοι
411 3328 651 3393 τριηραρχοῦντες
677 3325 721 3380 ἀεί
748 3329 808 3378 τῶν
834 3329 978 3393 χορηγιῶν
1005 3324 1116 3378 ἀτελεῖε
1142 3325 1324 3394 ὑπάρχουειν)
1352 3327 1477 3394 consequi

250 3411 375 3482 opinatus
394 3413 449 3489 est,
468 3425 536 3482 ⁴oum
554 3409 653 3474 verbis,
672 3425 738 3478 qnae
756 3411 781 3478 §-
796 3410 828 3463 21
847 3412 967 3464 exstant:
993 3413 1074 3464 πότοι
1094 3412 1193 3477 δήποτ’
1213 3411 1280 3465 είείν
1298 3411 1325 3465 οἱ
1344 3416 1405 3466 κατ’
1424 3413 1479 3466 tur-

252 3498 342 3552 αυτὸν
360 3498 412 3550 τὰ(
430 3496 593 3562 ἐγκυκλίου(
611 3495 787 3565 λειτουργίαι
806 3498 1052 3564 λειτουργοῦντεε,
1070 3500 1190 3564 χορηγοὶ
1208 3499 1254 3550 καί
1273 3497 1477 3567 γυμναείαρχοι

253 3584 300 3636 καί
324 3581 484 3649 ἑκτιάτορεε
508 3581 578 3636 effici
595 3597 658 3635 voce
675 3585 825 3650 ’χορηγιῶν
849 3579 977 3634 solemnia
999 3583 1105 3636 tantum
1130 3598 1240 3637 munera
1258 3581 1405 3652 significari
1423 3598 1477 3637 non

251 3667 352 3722 videret
377 3667 421 3734 (ef.
440 3682 465 3736 p.
484 3668 544 3736 53),
574 3669 601 3721 et
619 3665 829 3720 Rosenkranaius
854 3665 914 3734 (ndo
937 3665 1061 3738 ohoregia
1085 3671 1112 3722 et
1136 3667 1324 3724 choreutarum
1351 3684 1476 3723 numeros

251 3752 377 3808 Roetooh.
398 3753 478 3818 1873,
505 3769 530 3822 ρ.
549 3753 576 3820 5)
594 3752 646 3807 hoo
672 3751 806 3806 tributum
825 3752 854 3806 in
872 3752 1045 3821 liturgiarum
1072 3770 1212 3809 numerum
1240 3753 1372 3821 referunt,
1401 3753 1479 3809 onius

252 3839 400 3894 sententiae
418 3839 482 3893 olim
502 3840 585 3892 etiam
603 3838 799 3893 Schoemennus
817 3837 871 3893 fnit
889 3839 932 3905 (de
950 3842 1040 3896 eornit.
1058 3857 1084 3910 p.
1102 3841 1174 3908 291).

351 3927 370 3992 ²)
389 3925 464 3980 Dent
483 3925 514 3992 L,
532 3925 560 3978 9:
586 3928 633 3979 καί
656 3925 771 3980 τούτων
790 3926 847 3992 ἐγὼ
867 3926 1003 3991 οὐδεμίαν
1020 3929 1163 3996 πρόφαειν
1180 3927 1384 3994 ποιηεάμενοε,
1408 3929 1480 3982 οὔτε

248 4013 293 4066 ὅτι
310 4016 473 4080 τριηραρχῶ
492 4013 537 4064 καὶ
550 4012 602 4065 οιίκ
614 4013 649 4066 ἂν
663 4009 802 4078 δυναίμην
822 4013 873 4065 δύο
891 4012 1069 4082 λειτουργία(
1087 4016 1263 4082 λειτουργεῖν
1282 4013 1343 4068 οὐδ’
1355 4012 1382 4067 ot
1395 4014 1479 4078 νόμον

248 4097 338 4162 tmere,
357 4098 445 4164 ἔθηκα
462 4097 514 4150 τὰ(
531 4098 721 4168 προειεφορὰε
739 4103 860 4167 πρῶτος.

350 4181 369 4247 ³)
389 4181 450 4235 Nou
462 4184 511 4248 est,
523 4199 570 4236 our
582 4199 642 4238 oum
655 4183 856 4238 Westermanno
873 4184 938 4238 naec
955 4183 1035 4238 verba
1052 4184 1186 4254 glossema
1198 4199 1254 4238 esse
1267 4184 1309 4249 (of.
1324 4177 1363 4240 ed.
1377 4201 1401 4253 p.
1416 4184 1480 4250 193)
1593 4169 1595 4172 ’

247 4257 413 4346 statuamus3
440 4282 504 4322 nam
530 4283 616 4336 neque
633 4269 663 4323 in
680 4285 710 4323 eo
728 4267 860 4324 offendere
886 4271 984 4338 possis,
1012 4269 1083 4339 quod
1106 4271 1134 4323 in
1158 4271 1324 4340 appositione
1347 4269 1479 4324 articulus

246 4353 320 4408 deest
339 4351 385 4421 (uf.
403 4343 672 4411 auennensem.
691 4353 726 4420 n,
744 4350 796 4410 575
808 4356 833 4424 ο)
853 4370 937 4423 noque
954 4355 983 4409 in
1001 4349 1040 4423 eo,
1058 4355 1129 4424 quod
1148 4354 1307 4428 praepositio
1325 4372 1378 4410 nou
1395 4355 1480 4409 itera·

246 4442 307 4504 tur,
334 4437 357 4491 si
375 4429 535 4507 musideres,
563 4441 592 4494 in
611 4439 753 4495 sententiis
781 4441 971 4511 comparativis
998 4437 1153 4512 plerumque
1181 4438 1402 4512 praepositionem
1423 4456 1477 4494 non

245 4521 331 4590 repeti
350 4522 395 4591 (ei.
415 4522 547 4579 Kuohuer.
566 4525 584 4579 1.
603 4541 625 4580 ο.
643 4526 715 4594 479).
1470 4525 1473 4532 “
