3232 5044
756 291 966 359 ..52‚.

635 579 718 665 cap.
741 579 784 648 ΙΙ.
829 584 881 648 De
902 581 1094 664 liturgiis.

344 709 376 810 ξ.
402 722 430 787 1.
468 713 507 785 in
529 720 729 812 liturgiarum
738 719 762 802 ¹)
794 733 940 805 numero,
970 717 1138 803 exquibus
1162 719 1473 803 nonnullasquidem

245 817 380 910 Hippiae
396 827 493 908 ‘alque
510 821 606 891 etiam
622 814 743 889 Solonis
765 819 901 906 aetate')
925 823 960 887 in
974 841 1065 888 usum
1082 822 1200 889 venisse
1224 825 1354 902 constat,
1378 825 1472 905 scrip·

246 931 329 996 ceres
364 913 499 996 disserte
533 915 700 1010 peremto:
732 911 890 992 tributum
912 926 945 990 in
968 931 1162 992 antecessum
1196 929 1303 992 datum
1340 928 1471 1008 (προεκ-

252 1091 453 1108 -u--h-——a

350 1180 627 1254 ι)04.Το101()οιρ.
655 1182 707 1236 iur.
726 1183 784 1237 Att.
811 1199 838 1236 n.
857 1182 982 1236 917-21.
1013 1181 1047 1236 Ια
1071 1182 1165 1236 ceteris
1191 1197 1294 1252 quoque
1313 1180 1472 1236 Graecorum

245 1269 402 1328 civitatibus
427 1283 525 1323 munus
553 1265 727 1336 liturgiarum
754 1267 836 1322 fnisse
854 1283 868 1320 e
885 1267 951 1321 locis
978 1282 1134 1336 cognoscas,
1161 1267 1208 1335 qui
1225 1283 1241 1321 a
1260 1265 1392 1322 Boeckhio
1416 1267 1434 1320 l.
1452 1283 1472 1322 c.

245 1352 266 1422 Ι,
284 1354 336 1411 409
353 1371 391 1424 sq.
411 1353 456 1426 [cf.
475 1353 649 1408 Schoemairn.
668 1345 773 1408 Griech.
791 1353 908 1408 Alterth.
927 1352 948 1419 Ι,
966 1353 1017 1406 303
1035 1351 1062 1406 et
1078 1351 1231 1408 Tittmaun.
1249 1354 1268 1407 λ’
1287 1369 1307 1408 c.
1325 1369 1351 1422 p.
1370 1352 1405 1408 40
1423 1353 1473 1423 sq.]

154 1497 163 1516 ⁴
245 1428 445 1497 'commemorati
460 1441 537 1504 sunt3
557 1433 658 1506 'quibus
676 1438 754 1492 hosce
766 1437 837 1493 duos
855 1437 950 1492 addas:
973 1438 1086 1492 Aristot.
1105 1437 1192 1494 Ilthlo.
1211 1437 1313 1494 Nicom.
1332 1437 1380 1505 IV,
1398 1438 1422 1505 2,
1441 1439 1474 1492 20

245 1528 289 1596 [-·
309 1516 377 1580 1123
389 1543 414 1592 u,
432 1525 467 1579 20
490 1527 573 1597 sqq.]:
600 1527 631 1580 ἐν
654 1527 710 1594 γὰρ
736 1531 798 1580 τοῖς
826 1530 935 1594 μικροῖς
961 1529 1022 1579 τῶν
1048 1525 1264 1590 δαπανημάτων
1292 1525 1383 1579 πολλὰ
1408 1525 1474 1579 ἀναὺ

245 1612 329 1668 λίςκει
357 1614 403 1666 καί
432 1613 628 1680 λαμπρύνεται
653 1613 730 1680 παρὰ
758 1612 854 1678 μέλος,
885 1609 945 1665 οῖον
972 1611 1120 1678 ὲρανιςτὰς
1148 1614 1275 1677 γαμικιῑις
1304 1611 1403 1665 ἑςτιιῖιν
1430 1613 1474 1664 καί

244 1699 396 1766 κωμῳδοῖς
414 1702 549 1767 χορηγῶν
568 1697 599 1750 ἐν
616 1701 652 1765 τῇ
670 1696 789 1765 παρόδῳ
807 1697 961 1764 πορφύραν
979 1693 1133 1764 εἰςφὲρων,
1159 1697 1252 1764 ὥςπερ
1271 1693 1298 1748 ol
1317 1697 1474 1764 Μεγαρεῖςγ

245 1783 378 1838 warner.
393 1785 428 1837 'st
446 1781 568 1836 soram
581 1781 672 1838 lusor.
691 1782 788 1850 Delph.
811 1798 838 1840 n.
857 1782 903 1835 16:
930 1781 1060 1837 ἀτέλειαν
1086 1783 1160 1836 εἶναι
1185 1780 1321 1850 χοραγίας
1348 1784 1394 1835 καὶ
1422 1787 1474 1836 rot

243 1870 381 1939 ἰατρικοῦ.
397 1861 468 1922 Nam
480 1869 513 1921 ut
525 1869 655 1933 mannate,
671 1882 738 1936 quae
755 1866 978 1935 inscriptionibus
996 1867 1149 1933 traduntur,
1167 1866 1202 1920 ad
1214 1881 1271 1920 rem
1287 1867 1474 1935 conferremus,

244 1970 401 2025 unoquoque
419 1955 478 2009 loco
490 1953 662 2010 «mussare
679 1967 745 2022 opus
763 1955 829 2019 erat,
847 1969 912 2006 num
930 1953 1072 2018 vocabula,
1090 1953 1188 2023 quibus
1206 1953 1330 2022 singulae
1345 1953 1474 2024 liturgiae

245 2043 360 2096 didonis
383 2041 620 2110 significabantur,
647 2057 676 2095 re
696 2055 761 2094 vera
783 2039 948 2108 pertinerent
971 2040 1005 2094 ad
1028 2039 1085 2093 eius
1108 2040 1215 2108 generis
1238 2055 1360 2104 munera,
1387 2054 1422 2094 an
1439 2039 1475 2094 ad

244 2129 424 2199 magistratus
441 2126 488 2198 [de
506 2126 735 2196 gymnasisrohiae
751 2127 916 2193 magistratu
934 2126 969 2180 cf.
982 2125 1012 2182 0.
1024 2125 1046 2178 Ι.
1059 2125 1106 2180 Gr.
1121 2125 1191 2179 2360
1202 2147 1235 2174 =
1248 2123 1369 2194 Rengalu
1382 2126 1475 2194 Antio.

244 2214 353 2268 Hellen.
371 2213 416 2267 tit.
435 2209 486 2267 821
506 2228 546 2268 va.
565 2213 599 2266 21
615 2212 684 2282 sq.],
710 2215 745 2277 et,
765 2227 826 2266 cum
848 2210 926 2266 tituli
949 2227 1047 2279 magna
1065 2227 1096 2265 ex
1113 2212 1188 2279 parte
1210 2210 1365 2280 posterioris
1389 2213 1476 2266 essent

167 2339 170 2351 .
244 2300 356 2366 mstis,
379 2298 526 2368 inuenere,
545 2299 613 2352 num
628 2299 689 2366 ipsa
706 2313 756 2352 vor
778 2297 956 2366 liturgiarum
973 2297 1128 2366 angustiore
1145 2297 1229 2366 accipi
1247 2299 1338 2365 posset
1356 2297 1475 2365 notione,

244 2385 513 2456 quemsuterueusss
524 2384 549 2438 el
561 2383 748 2450 ‹subiecerant3
766 2383 848 2438 etiam
866 2382 938 2438 enim
956 2383 990 2436 ad
1001 2383 1180 2454 magistratus
1198 2382 1302 2452 aliaque
1319 2383 1409 2438 officia
1426 2382 1476 2438 hoc

245 2473 403 2528 rotabulum
420 2483 609 2540 nonnunquam
627 2468 795 2524 referendum
813 2485 881 2534 esse,
900 2470 932 2522 ut
950 2471 1112 2537 praeteream
1130 2468 1158 2524 0.
1177 2467 1199 2522 Ι.
1220 2468 1265 2524 (ir.
1279 2468 1346 2524 1738
1365 2468 1476 2539 ([ἀ]γω·

243 2560 382 2626 scottus,
402 2558 578 2626 Φωκάρχην,
596 2557 802 2622 Ἀμφικτύονα,
825 2555 977 2621 θεηκόλον,
1000 2555 1184 2621 Πανέλληνα,
1209 2555 1336 2622 ορχοντα
1356 2558 1403 2610 καλ
1422 2557 1474 2612 τὰς

245 2643 331 2699 ἄλλος
346 2643 439 2699 πιλςας
457 2644 488 2697 ἐν
506 2647 542 2710 τῇ
554 2639 669 2709 πατρίδι
686 2641 841 2696 τελέςαντα
859 2638 1047 2709 λιτουργίας);
1062 2639 1133 2694 2768
1152 2641 1210 2704 (καὶ
1229 2638 1474 2709 εἰρηναργήςοντο

245 2733 291 2784 καλ
310 2731 362 2784 rte
379 2730 478 2784 λοιπὰς
495 2726 658 2796 λιτουργίας
677 2726 834 2794 φιλοτίμως
852 2726 1065 2790 ὲκτελὲςαντα),
1082 2725 1164 2789 3187,
1182 2741 1213 2780 ex
1231 2724 1260 2778 0.
1278 2725 1300 2781 Ι.
1318 2727 1351 2780 Α.
1371 2727 1406 2794 Π,
1425 2729 1474 2784 331

246 2831 285 2870 vs.
304 2816 336 2868 ΙΙ
353 2827 407 2884 μοι
436 2814 674 2882 ἀλειτουργήτους
701 2815 773 2867 εἶναι
799 2817 859 2868 τῶν
888 2813 983 2881 ἔργων
1007 2817 1067 2866 τῶν
1090 2813 1161 2880 πρὸς
1185 2814 1240 2879 τὴν
1262 2813 1426 2882 πολιορκίαν
1450 2818 1477 2869 et

244 2917 284 2956 us.
303 2901 338 2954 60
351 2912 393 2970 sq.
407 2895 458 2970 {cd
477 2913 503 2968 p.
520 2899 600 2954 2οη.
619 2898 646 2966 1]
670 2901 835 2968 compertum
861 2898 1003 2963 habemus3
1021 2899 1067 2952 sed
1085 2897 1155 2952 hano
1172 2897 1354 2966 quaestionem
1372 2899 1417 2954 hic
1435 2901 1477 2954 in·

245 2989 360 3042 'stituere
371 2987 490 3056 longum
508 2987 558 3040 est.
1441 3029 1445 3044 .

349 3073 370 3137 ²)
388 3073 502 3128 Aristot.
520 3073 613 3128 Oecon.
631 3071 667 3137 ll,
683 3073 708 3139 2,
725 3071 751 3137 4,
768 3072 785 3126 2
804 3072 849 3141 [=
868 3069 935 3126 1347
948 3087 973 3133 α,
993 3071 1026 3124 11
1043 3070 1126 3139 sqq.]:
1154 3071 1214 3124 ὅςοι
1236 3088 1268 3125 τε
1288 3078 1476 3141 τριηραρχεῖν

246 3163 436 3229 ἢφυλαρχεῑν
448 3161 466 3226 ἢ
480 3161 646 3229 χορηγεῑνῆ
662 3175 726 3213 τινα
745 3157 784 3213 εἰς
800 3158 904 3226 ἑτέραν
921 3158 1033 3223 ταύτην
1050 3155 1230 3224 λειτουργίαν
1248 3157 1371 3222 ἤμελλον
1389 3159 1478 3214 δαπα-

246 3251 314 3311 νᾶν,
340 3245 448 3312 τίμημα
471 3246 558 3300 τάξας
582 3246 696 3313 μέτριον
714 3245 842 3299 ἐκέλευςε
865 3245 917 3297 τὸν
943 3244 1118 3309 βουλόμενον
1136 3241 1310 3297 ἀποτίςαντα
1327 3249 1415 3299 τοῦτο
1434 3247 1479 3312 ἑγ-

246 3333 403 3400 γράφεςθαι
427 3330 466 3386 εἰς
489 3334 558 3386 τοὺς
582 3333 865 3400 λελειτουργηκότας;
891 3330 965 3383 Dem.
985 3328 1070 3394 XLII,
1090 3330 1119 3382 1:
1136 3331 1227 3383 πολλὰ
1245 3328 1355 3396 κάγαθὰ
1372 3331 1480 3397 γένοιτ’

247 3417 393 3485 ῶᾰνδρες
415 3417 540 3470 δικαςταλ
557 3444 593 3456 -
610 3417 718 3471 Σόλωνι
742 3421 784 3484 τῷ
808 3415 1031 3481 νομοθετήςαντι
1056 3417 1109 3468 τὸν
1131 3419 1195 3483 περὶ
1218 3420 1279 3470 τῶν
1303 3416 1479 3471 ἀντιδόςεων

245 3503 346 3569 νόμον.
371 3501 449 3556 Falso
476 3501 689 3556 Rossnkrannins
712 3501 774 3568 (ede
798 3501 936 3568 choragiaa
955 3517 982 3568 ρ.
1001 3500 1018 3554 3
1035 3503 1087 3570 sq.)
1104 3499 1207 3555 duobus
1233 3501 1276 3556 his
1303 3501 1368 3556 locis
1395 3501 1478 3557 fidem

246 3587 354 3642 omniuo
372 3588 553 3655 denegandam
571 3603 628 3642 esse
644 3587 795 3652 contendit,
818 3587 876 3652 illi,
894 3586 963 3656 quod
979 3603 1057 3641 nemo
1074 3587 1116 3640 his
1134 3583 1299 3656 temporibus
1317 3589 1396 3656 putet
1413 3588 1479 3643 dri-

247 3673 369 3727 stotelem
394 3671 531 3742 scripsisse
557 3673 673 3727 alterum
691 3673 784 3727 Oecon.
809 3672 909 3726 librum
927 3672 1018 3741 [quam
1045 3689 1100 3726 rem
1126 3672 1290 3726 Boeckhium
1316 3673 1406 3740 ipsum
1420 3688 1480 3728 uon

245 3760 347 3830 fugisse
364 3759 390 3828 (I
407 3776 433 3829 ρ.
450 3758 512 3827 417)
530 3759 743 3813 Rosenkranaius
768 3759 915 3828 neglexisse
933 3758 1064 3826 videtur]‚
1090 3758 1164 3823 huic,
1192 3758 1262 3827 qnod
1284 3774 1381 3812 munus
1399 3759 1480 3815 chori

247 3845 399 3901 instruendi
417 3845 535 3915 positum
554 3847 591 3898 sit
609 3844 637 3898 in
655 3843 776 3898 tribuum
793 3845 894 3898 ratione
913 3859 929 3896 a
947 3844 1084 3898 Clisthene
1101 3846 1305 3911 institutarum
1329 3845 1375 3899 sed
1395 3875 1428 3886 -
1446 3849 1482 3900 ut

247 3933 332 4000 prins,
350 3932 421 4000 quod
439 3933 576 4000 opinetur,
595 3932 782 4000 argumentum
799 3932 924 3983 omittam
937 3960 970 3970 -
982 3946 1069 3985 nonne
1081 3931 1134 3984 alio
1147 3929 1223 3983 modo
1235 3931 1299 3984 ante
1311 3931 1482 3986 Clisthenem

248 4017 379 4072 destinari
400 4019 559 4087 potuerunt,
585 4017 631 4086 qui
648 4017 699 4070 hac
716 4017 830 4086 liturgia
847 4016 1033 4086 fungerentur.
1063 4016 1153 4082 Quid?
1178 4032 1232 4070 non
1251 4016 1340 4070 codem
1358 4018 1428 4083 iure,
1455 4019 1484 4072 si

247 4103 374 4158 memoria
396 4104 561 4167 evanuisset,
586 4119 646 4158 cnm
668 4103 813 4172 posteriore
836 4107 923 4158 aetate
940 4104 1060 4172 collegiis
1079 4103 1240 4157 hierarchia
1258 4103 1380 4158 iniuncta
1399 4109 1483 4173 esset,

247 4191 295 4244 hoo
314 4207 423 4258 munus,
449 4193 592 4258 antequam
620 4191 776 4260 symmoriae
802 4191 1021 4255 instituerentur,
1047 4205 1213 4259 nequaquam
1240 4191 1358 4260 potuisse
1376 4193 1486 4246 exstare

249 4277 384 4332 adfirmari
401 4276 529 4342 liceret?

351 4365 371 4432 ³)
390 4364 429 4417 De
455 4363 526 4417 vocis
553 4367 738 4431 λειτουργιῶν
764 4361 939 4431 explicatione
966 4363 1000 4418 cf.
1020 4362 1094 4416 Suid.
1113 4362 1154 4427 11,
1176 4365 1198 4428 1,
1217 4363 1280 4428 5565
1309 4363 1388 4417 Phot.
1413 4364 1487 4430 583;

252 4449 316 4514 1803
345 4449 460 4504 Boeckh.
488 4449 511 4504 l.
532 4464 553 4502 c.
581 4447 686 4515 1,594;
715 4450 859 4524 Hermann.
878 4449 971 4517 Antiq.
996 4449 1023 4515 I,
1043 4447 1100 4511 101,
1119 4449 1148 4515 73
1180 4449 1352 4503 Schoemann.
1370 4447 1487 4504 Grieoh.

249 4533 363 4587 Alcercu
382 4533 404 4600 1,
422 4535 483 4590 486.
1455 4577 1460 4584 .
