<?xml version="1.0" encoding="UTF-8"?>
<!DOCTYPE html PUBLIC "-//W3C//DTD XHTML 1.0 Transitional//EN"
    "http://www.w3.org/TR/xhtml1/DTD/xhtml1-transitional.dtd">
<html xmlns="http://www.w3.org/1999/xhtml" xml:lang="en" lang="en">
 <head>
  <title>
</title>
<meta http-equiv="Content-Type" content="text/html;charset=utf-8" />
  <meta name='ocr-system' content='tesseract 3.04.00' />
  <meta name='ocr-capabilities' content='ocr_page ocr_carea ocr_par ocr_line ocrx_word'/>
</head>
<body>
  <div class='ocr_page' id='page_1' title='image "./deciviumathenie00thumgoog_0090.png"; bbox 0 0 3194 5060; ppageno 0'>
   <div class='ocr_carea' id='block_1_1' title="bbox 621 279 828 344">
    <p class='ocr_par' dir='ltr' id='par_1_1' title="bbox 621 279 828 344">
     <span class='ocr_line' id='line_1_1' title="bbox 621 279 828 344; baseline 0 -18"><span class='ocrx_word' id='word_1_1' title='bbox 621 279 828 344; x_wconf 79' lang='grc' dir='ltr'>,τρ-</span> 
     </span>
    </p>
   </div>
   <div class='ocr_carea' id='block_1_2' title="bbox 3 465 1339 858">
    <p class='ocr_par' dir='ltr' id='par_1_2' title="bbox 3 465 1339 866">
     <span class='ocr_line' id='line_1_2' title="bbox 110 465 1339 550; baseline -0.002 -16"><span class='ocrx_word' id='word_1_2' title='bbox 110 469 234 534; x_wconf 88' lang='lat' dir='ltr'><strong>sthenes</strong></span> <span class='ocrx_word' id='word_1_3' title='bbox 256 469 357 534; x_wconf 90' lang='lat' dir='ltr'><strong>utitur</strong></span> <span class='ocrx_word' id='word_1_4' title='bbox 379 467 608 546; x_wconf 83' lang='lat' dir='ltr'><strong>declaraturus,</strong></span> <span class='ocrx_word' id='word_1_5' title='bbox 640 466 714 549; x_wconf 90' lang='lat' dir='ltr'><strong>quid</strong></span> <span class='ocrx_word' id='word_1_6' title='bbox 736 465 862 531; x_wconf 83' lang='lat' dir='ltr'><strong>intersit</strong></span> <span class='ocrx_word' id='word_1_7' title='bbox 884 466 966 530; x_wconf 88' lang='lat' dir='ltr'><strong>inter</strong></span> <span class='ocrx_word' id='word_1_8' title='bbox 989 465 1106 549; x_wconf 82' lang='lat' dir='ltr'><strong>legem,</strong></span> <span class='ocrx_word' id='word_1_9' title='bbox 1136 483 1214 549; x_wconf 85' lang='lat' dir='ltr'><strong>quae</strong></span> <span class='ocrx_word' id='word_1_10' title='bbox 1236 467 1339 550; x_wconf 89' lang='lat' dir='ltr'><strong>priore</strong></span> 
     </span>
     <span class='ocr_line' id='line_1_3' title="bbox 108 563 1338 652; baseline -0.001 -16"><span class='ocrx_word' id='word_1_11' title='bbox 108 571 243 636; x_wconf 84' lang='lat' dir='ltr'><strong>valuerit</strong></span> <span class='ocrx_word' id='word_1_12' title='bbox 265 571 377 649; x_wconf 88' lang='lat' dir='ltr'><strong>aetate,</strong></span> <span class='ocrx_word' id='word_1_13' title='bbox 401 571 433 634; x_wconf 88' lang='lat' dir='ltr'><strong>et</strong></span> <span class='ocrx_word' id='word_1_14' title='bbox 447 570 608 648; x_wconf 91' lang='lat' dir='ltr'><strong>rationem,</strong></span> <span class='ocrx_word' id='word_1_15' title='bbox 632 588 712 651; x_wconf 90' lang='lat' dir='ltr'><strong>quae</strong></span> <span class='ocrx_word' id='word_1_16' title='bbox 726 587 744 632; x_wconf 91' lang='lat' dir='ltr'><strong>a</strong></span> <span class='ocrx_word' id='word_1_17' title='bbox 760 588 793 634; x_wconf 91' lang='lat' dir='ltr'><strong>se</strong></span> <span class='ocrx_word' id='word_1_18' title='bbox 808 569 875 652; x_wconf 90' lang='lat' dir='ltr'><strong>ipso</strong></span> <span class='ocrx_word' id='word_1_19' title='bbox 891 568 1042 634; x_wconf 87' lang='lat' dir='ltr'><strong>instituta</strong></span> <span class='ocrx_word' id='word_1_20' title='bbox 1053 569 1097 634; x_wconf 92' lang='lat' dir='ltr'><strong>sit</strong></span> <span class='ocrx_word' id='word_1_21' title='bbox 1111 563 1243 650; x_wconf 83' lang='lat' dir='ltr'><strong>(XVIII,</strong></span> <span class='ocrx_word' id='word_1_22' title='bbox 1262 570 1338 635; x_wconf 25' lang='lat'>104¹:</span> 
     </span>
     <span class='ocr_line' id='line_1_4' title="bbox 111 672 1338 755; baseline -0.002 -15"><span class='ocrx_word' id='word_1_23' title='bbox 111 673 170 754; x_wconf 70' lang='lat' dir='ltr'><strong>adv</strong></span> <span class='ocrx_word' id='word_1_24' title='bbox 191 675 254 755; x_wconf 86' lang='grc' dir='ltr'><strong>γὰρ</strong></span> <span class='ocrx_word' id='word_1_25' title='bbox 277 677 385 739; x_wconf 85' lang='grc' dir='ltr'>αὐτοῖς</span> <span class='ocrx_word' id='word_1_26' title='bbox 407 673 442 738; x_wconf 87' lang='grc' dir='ltr'><strong>ἐκ</strong></span> <span class='ocrx_word' id='word_1_27' title='bbox 464 676 522 754; x_wconf 83' lang='grc' dir='ltr'><strong>μὲν</strong></span> <span class='ocrx_word' id='word_1_28' title='bbox 543 677 608 738; x_wconf 85' lang='grc' dir='ltr'><strong>τῶν</strong></span> <span class='ocrx_word' id='word_1_29' title='bbox 630 672 800 752; x_wconf 88' lang='grc' dir='ltr'>προτέρων</span> <span class='ocrx_word' id='word_1_30' title='bbox 825 672 936 754; x_wconf 86' lang='grc' dir='ltr'>νόμων</span> <span class='ocrx_word' id='word_1_31' title='bbox 958 673 1178 738; x_wconf 84' lang='grc' dir='ltr'>ςυνεκκαίδεκα</span> <span class='ocrx_word' id='word_1_32' title='bbox 1199 677 1338 754; x_wconf 77' lang='grc' dir='ltr'>λειτουρ-</span> 
     </span>
     <span class='ocr_line' id='line_1_5' title="bbox 3 761 1339 858; baseline 0 -16"><span class='ocrx_word' id='word_1_33' title='bbox 3 761 5 780; x_wconf 68' lang='grc'>’</span> <span class='ocrx_word' id='word_1_34' title='bbox 107 779 182 854; x_wconf 65' lang='lat' dir='ltr'><strong>sete,</strong></span> <span class='ocrx_word' id='word_1_35' title='bbox 211 777 319 842; x_wconf 81' lang='grc' dir='ltr'>αὐτοῖς</span> <span class='ocrx_word' id='word_1_36' title='bbox 341 778 399 857; x_wconf 91' lang='grc' dir='ltr'><strong>μέν</strong></span> <span class='ocrx_word' id='word_1_37' title='bbox 420 777 513 856; x_wconf 83' lang='grc' dir='ltr'>μικρὰ</span> <span class='ocrx_word' id='word_1_38' title='bbox 536 777 586 842; x_wconf 92' lang='grc' dir='ltr'><strong>καὶ</strong></span> <span class='ocrx_word' id='word_1_39' title='bbox 609 775 705 841; x_wconf 84' lang='grc' dir='ltr'>οὐδὲν</span> <span class='ocrx_word' id='word_1_40' title='bbox 728 774 934 852; x_wconf 70' lang='grc' dir='ltr'>ἀναλίςκοοςι,</span> <span class='ocrx_word' id='word_1_41' title='bbox 955 775 1032 840; x_wconf 83' lang='grc' dir='ltr'>τοὺς</span> <span class='ocrx_word' id='word_1_42' title='bbox 1054 767 1252 858; x_wconf 73' lang='grc' dir='ltr'>δ’,ἀττδρους</span> <span class='ocrx_word' id='word_1_43' title='bbox 1273 781 1339 842; x_wconf 84' lang='grc' dir='ltr'><strong>τῶν</strong></span> 
     </span>
    </p>
   </div>
   <div class='ocr_carea' id='block_1_3' title="bbox 3 869 1339 962">
    <p class='ocr_par' dir='ltr' id='par_1_3' title="bbox 3 869 1339 962">
     <span class='ocr_line' id='line_1_6' title="bbox 3 869 1339 962; baseline 0.003 -18"><span class='ocrx_word' id='word_1_44' title='bbox 3 869 4 886; x_wconf 17' lang='grc' dir='ltr'>ἢ</span> <span class='ocrx_word' id='word_1_45' title='bbox 106 883 247 945; x_wconf 83' lang='grc' dir='ltr'>πολιτῶν</span> <span class='ocrx_word' id='word_1_46' title='bbox 269 878 483 962; x_wconf 88' lang='grc' dir='ltr'>ἀποτρίβοοςι,</span> <span class='ocrx_word' id='word_1_47' title='bbox 507 881 541 945; x_wconf 88' lang='grc' dir='ltr'><strong>ἐκ</strong></span> <span class='ocrx_word' id='word_1_48' title='bbox 555 883 614 945; x_wconf 83' lang='grc' dir='ltr'><strong>τοῦ</strong></span> <span class='ocrx_word' id='word_1_49' title='bbox 633 881 710 959; x_wconf 85' lang='grc' dir='ltr'>ἐμοῦ</span> <span class='ocrx_word' id='word_1_50' title='bbox 733 880 891 959; x_wconf 87' lang='grc' dir='ltr'>νόμου-</span> <span class='ocrx_word' id='word_1_51' title='bbox 909 882 1000 944; x_wconf 80' lang='grc' dir='ltr'>δυοῖν</span> <span class='ocrx_word' id='word_1_52' title='bbox 1023 877 1126 960; x_wconf 84' lang='grc' dir='ltr'>ἐφάνη</span> <span class='ocrx_word' id='word_1_53' title='bbox 1148 879 1339 958; x_wconf 86' lang='grc' dir='ltr'>τριήραρχος</span> 
     </span>
    </p>
   </div>
   <div class='ocr_carea' id='block_1_4' title="bbox 105 979 1340 3747">
    <p class='ocr_par' dir='ltr' id='par_1_4' title="bbox 105 979 1340 3229">
     <span class='ocr_line' id='line_1_7' title="bbox 105 979 1337 1074; baseline -0.001 -27"><span class='ocrx_word' id='word_1_54' title='bbox 105 983 206 1062; x_wconf 83' lang='grc' dir='ltr'>ὁτῆς</span> <span class='ocrx_word' id='word_1_55' title='bbox 227 986 298 1063; x_wconf 83' lang='grc' dir='ltr'>μιᾶς</span> <span class='ocrx_word' id='word_1_56' title='bbox 326 979 416 1047; x_wconf 85' lang='grc' dir='ltr'>ἕκτος</span> <span class='ocrx_word' id='word_1_57' title='bbox 438 983 489 1048; x_wconf 84' lang='grc' dir='ltr'><strong>καὶ</strong></span> <span class='ocrx_word' id='word_1_58' title='bbox 511 983 644 1051; x_wconf 89' lang='grc' dir='ltr'>δέκατος</span> <span class='ocrx_word' id='word_1_59' title='bbox 673 983 833 1063; x_wconf 88' lang='grc' dir='ltr'>πρότερον</span> <span class='ocrx_word' id='word_1_60' title='bbox 862 983 1059 1074; x_wconf 75' lang='grc' dir='ltr'>ςυντελήςν),</span> <span class='ocrx_word' id='word_1_61' title='bbox 1090 980 1224 1048; x_wconf 80' lang='lat' dir='ltr'><strong>maxime</strong></span> <span class='ocrx_word' id='word_1_62' title='bbox 1248 1000 1337 1048; x_wconf 91' lang='lat' dir='ltr'><strong>senos</strong></span> 
     </span>
     <span class='ocr_line' id='line_1_8' title="bbox 106 1083 1338 1168; baseline 0 -18"><span class='ocrx_word' id='word_1_63' title='bbox 106 1087 203 1150; x_wconf 88' lang='lat' dir='ltr'><strong>denos</strong></span> <span class='ocrx_word' id='word_1_64' title='bbox 235 1084 301 1150; x_wconf 92' lang='lat' dir='ltr'><strong>illis</strong></span> <span class='ocrx_word' id='word_1_65' title='bbox 333 1083 525 1168; x_wconf 79' lang='lat' dir='ltr'>temporibus</span> <span class='ocrx_word' id='word_1_66' title='bbox 560 1085 594 1148; x_wconf 90' lang='lat' dir='ltr'><strong>in</strong></span> <span class='ocrx_word' id='word_1_67' title='bbox 621 1089 744 1168; x_wconf 89' lang='lat' dir='ltr'><strong>partem</strong></span> <span class='ocrx_word' id='word_1_68' title='bbox 774 1084 924 1168; x_wconf 79' lang='lat' dir='ltr'>liturgiae</span> <span class='ocrx_word' id='word_1_69' title='bbox 958 1083 1185 1168; x_wconf 82' lang='lat' dir='ltr'><strong>impendiorum</strong></span> <span class='ocrx_word' id='word_1_70' title='bbox 1219 1086 1338 1150; x_wconf 84' lang='lat' dir='ltr'><strong>uenisse</strong></span> 
     </span>
     <span class='ocr_line' id='line_1_9' title="bbox 108 1185 1339 1271; baseline -0.002 -18"><span class='ocrx_word' id='word_1_71' title='bbox 108 1192 215 1270; x_wconf 87' lang='lat' dir='ltr'><strong>aperte</strong></span> <span class='ocrx_word' id='word_1_72' title='bbox 231 1185 467 1271; x_wconf 89' lang='lat' dir='ltr'><strong>significaretur,</strong></span> <span class='ocrx_word' id='word_1_73' title='bbox 489 1188 678 1252; x_wconf 88' lang='lat' dir='ltr'><strong>censendum</strong></span> <span class='ocrx_word' id='word_1_74' title='bbox 693 1185 754 1252; x_wconf 89' lang='lat' dir='ltr'><strong>tibi</strong></span> <span class='ocrx_word' id='word_1_75' title='bbox 770 1192 851 1252; x_wconf 89' lang='lat' dir='ltr'><strong>esset</strong></span> <span class='ocrx_word' id='word_1_76' title='bbox 867 1191 930 1266; x_wconf 86' lang='lat' dir='ltr'><strong>aut,</strong></span> <span class='ocrx_word' id='word_1_77' title='bbox 948 1188 1059 1270; x_wconf 91' lang='lat' dir='ltr'><strong>quihus</strong></span> <span class='ocrx_word' id='word_1_78' title='bbox 1073 1186 1236 1252; x_wconf 85' lang='lat' dir='ltr'><strong>facultates</strong></span> <span class='ocrx_word' id='word_1_79' title='bbox 1252 1190 1339 1254; x_wconf 88' lang='lat' dir='ltr'><strong>crant</strong></span> 
     </span>
     <span class='ocr_line' id='line_1_10' title="bbox 106 1275 1339 1376; baseline -0.001 -20"><span class='ocrx_word' id='word_1_80' title='bbox 106 1289 232 1356; x_wconf 89' lang='lat' dir='ltr'><strong>minimi</strong></span> <span class='ocrx_word' id='word_1_81' title='bbox 255 1309 381 1370; x_wconf 89' lang='lat' dir='ltr'><strong>census,</strong></span> <span class='ocrx_word' id='word_1_82' title='bbox 415 1290 455 1355; x_wconf 88' lang='lat' dir='ltr'><strong>iis</strong></span> <span class='ocrx_word' id='word_1_83' title='bbox 476 1310 530 1374; x_wconf 92' lang='lat' dir='ltr'><strong>per</strong></span> <span class='ocrx_word' id='word_1_84' title='bbox 552 1291 656 1376; x_wconf 86' lang='lat' dir='ltr'><strong>legem</strong></span> <span class='ocrx_word' id='word_1_85' title='bbox 678 1311 792 1356; x_wconf 89' lang='lat' dir='ltr'><strong>munus</strong></span> <span class='ocrx_word' id='word_1_86' title='bbox 814 1275 990 1359; x_wconf 84' lang='lat' dir='ltr'><strong>iniunctum</strong></span> <span class='ocrx_word' id='word_1_87' title='bbox 1012 1308 1077 1356; x_wconf 89' lang='lat' dir='ltr'><strong>esee</strong></span> <span class='ocrx_word' id='word_1_88' title='bbox 1099 1291 1213 1370; x_wconf 90' lang='lat' dir='ltr'><strong>maius,</strong></span> <span class='ocrx_word' id='word_1_89' title='bbox 1244 1309 1339 1373; x_wconf 91' lang='lat' dir='ltr'><strong>quam</strong></span> 
     </span>
     <span class='ocr_line' id='line_1_11' title="bbox 106 1392 1338 1477; baseline -0.001 -18"><span class='ocrx_word' id='word_1_90' title='bbox 106 1394 190 1477; x_wconf 91' lang='lat' dir='ltr'><strong>quod</strong></span> <span class='ocrx_word' id='word_1_91' title='bbox 223 1392 345 1475; x_wconf 80' lang='lat' dir='ltr'><strong>credere</strong></span> <span class='ocrx_word' id='word_1_92' title='bbox 374 1411 494 1477; x_wconf 87' lang='lat' dir='ltr'><strong>posses,</strong></span> <span class='ocrx_word' id='word_1_93' title='bbox 530 1398 585 1460; x_wconf 87' lang='lat' dir='ltr'><strong>aut</strong></span> <span class='ocrx_word' id='word_1_94' title='bbox 614 1395 761 1476; x_wconf 80' lang='lat' dir='ltr'><strong>pecunias</strong></span> <span class='ocrx_word' id='word_1_95' title='bbox 783 1394 929 1474; x_wconf 86' lang='lat' dir='ltr'><strong>maiores,</strong></span> <span class='ocrx_word' id='word_1_96' title='bbox 963 1411 1057 1476; x_wconf 87' lang='lat' dir='ltr'><strong>quam</strong></span> <span class='ocrx_word' id='word_1_97' title='bbox 1079 1393 1117 1456; x_wconf 91' lang='lat' dir='ltr'><strong>ut</strong></span> <span class='ocrx_word' id='word_1_98' title='bbox 1137 1395 1203 1458; x_wconf 90' lang='lat' dir='ltr'><strong>veri</strong></span> <span class='ocrx_word' id='word_1_99' title='bbox 1236 1393 1338 1458; x_wconf 89' lang='lat' dir='ltr'><strong>simile</strong></span> 
     </span>
     <span class='ocr_line' id='line_1_12' title="bbox 109 1493 1338 1581; baseline -0.002 -19"><span class='ocrx_word' id='word_1_100' title='bbox 109 1497 322 1578; x_wconf 77' lang='lat' dir='ltr'><strong>existimares,</strong></span> <span class='ocrx_word' id='word_1_101' title='bbox 356 1495 470 1580; x_wconf 85' lang='lat' dir='ltr'><strong>liberas</strong></span> <span class='ocrx_word' id='word_1_102' title='bbox 496 1517 514 1562; x_wconf 91' lang='lat' dir='ltr'><strong>a</strong></span> <span class='ocrx_word' id='word_1_103' title='bbox 536 1496 654 1562; x_wconf 86' lang='lat' dir='ltr'><strong>tributo</strong></span> <span class='ocrx_word' id='word_1_104' title='bbox 688 1496 791 1560; x_wconf 86' lang='lat' dir='ltr'><strong>fuisse.</strong></span> <span class='ocrx_word' id='word_1_105' title='bbox 829 1493 909 1560; x_wconf 79' lang='lat' dir='ltr'><strong>(lum</strong></span> <span class='ocrx_word' id='word_1_106' title='bbox 943 1495 1027 1562; x_wconf 88' lang='lat' dir='ltr'><strong>enim</strong></span> <span class='ocrx_word' id='word_1_107' title='bbox 1059 1494 1130 1560; x_wconf 90' lang='lat' dir='ltr'><strong>inde</strong></span> <span class='ocrx_word' id='word_1_108' title='bbox 1151 1515 1170 1561; x_wconf 91' lang='lat' dir='ltr'><strong>a</strong></span> <span class='ocrx_word' id='word_1_109' title='bbox 1191 1499 1338 1581; x_wconf 89' lang='lat' dir='ltr'><strong>tempore,</strong></span> 
     </span>
     <span class='ocr_line' id='line_1_13' title="bbox 107 1586 1338 1684; baseline 0 -20"><span class='ocrx_word' id='word_1_110' title='bbox 107 1620 167 1684; x_wconf 89' lang='lat' dir='ltr'><strong>quo</strong></span> <span class='ocrx_word' id='word_1_111' title='bbox 197 1598 353 1665; x_wconf 85' lang='lat' dir='ltr'><strong>sancitum</strong></span> <span class='ocrx_word' id='word_1_112' title='bbox 381 1600 464 1680; x_wconf 81' lang='lat' dir='ltr'><strong>erat,</strong></span> <span class='ocrx_word' id='word_1_113' title='bbox 498 1599 536 1664; x_wconf 91' lang='lat' dir='ltr'><strong>ut</strong></span> <span class='ocrx_word' id='word_1_114' title='bbox 557 1599 749 1664; x_wconf 88' lang='lat' dir='ltr'><strong>coniunctim</strong></span> <span class='ocrx_word' id='word_1_115' title='bbox 777 1598 915 1684; x_wconf 81' lang='lat' dir='ltr'><strong>collegae</strong></span> <span class='ocrx_word' id='word_1_116' title='bbox 941 1586 1158 1665; x_wconf 88' lang='lat' dir='ltr'><strong>trierarchiam</strong></span> <span class='ocrx_word' id='word_1_117' title='bbox 1187 1598 1338 1677; x_wconf 85' lang='lat' dir='ltr'><strong>subirent,</strong></span> 
     </span>
     <span class='ocr_line' id='line_1_14' title="bbox 106 1699 1340 1788; baseline -0.001 -20"><span class='ocrx_word' id='word_1_118' title='bbox 106 1704 306 1788; x_wconf 86' lang='lat' dir='ltr'><strong>sumptusad</strong></span> <span class='ocrx_word' id='word_1_119' title='bbox 320 1719 415 1768; x_wconf 89' lang='lat' dir='ltr'><strong>unam</strong></span> <span class='ocrx_word' id='word_1_120' title='bbox 429 1720 542 1768; x_wconf 84' lang='lat' dir='ltr'><strong>narem</strong></span> <span class='ocrx_word' id='word_1_121' title='bbox 564 1701 722 1784; x_wconf 87' lang='lat' dir='ltr'><strong>pertinens</strong></span> <span class='ocrx_word' id='word_1_122' title='bbox 744 1701 862 1768; x_wconf 89' lang='lat' dir='ltr'><strong>talento</strong></span> <span class='ocrx_word' id='word_1_123' title='bbox 886 1699 1047 1768; x_wconf 85' lang='lat' dir='ltr'><strong>aestimari</strong></span> <span class='ocrx_word' id='word_1_124' title='bbox 1069 1702 1192 1782; x_wconf 90' lang='lat' dir='ltr'><strong>soleret,</strong></span> <span class='ocrx_word' id='word_1_125' title='bbox 1217 1702 1340 1768; x_wconf 91' lang='lat' dir='ltr'><strong>decima</strong></span> 
     </span>
     <span class='ocr_line' id='line_1_15' title="bbox 106 1803 1339 1888; baseline -0.003 -16"><span class='ocrx_word' id='word_1_126' title='bbox 106 1811 194 1873; x_wconf 82' lang='lat' dir='ltr'><strong>sexta</strong></span> <span class='ocrx_word' id='word_1_127' title='bbox 228 1805 294 1871; x_wconf 89' lang='lat' dir='ltr'><strong>eius</strong></span> <span class='ocrx_word' id='word_1_128' title='bbox 323 1823 395 1888; x_wconf 89' lang='lat' dir='ltr'><strong>pars</strong></span> <span class='ocrx_word' id='word_1_129' title='bbox 424 1803 487 1870; x_wconf 80' lang='lat'><strong>375</strong></span> <span class='ocrx_word' id='word_1_130' title='bbox 510 1805 674 1871; x_wconf 79' lang='lat' dir='ltr'><strong>drachmae</strong></span> <span class='ocrx_word' id='word_1_131' title='bbox 707 1805 847 1884; x_wconf 83' lang='lat' dir='ltr'><strong>fuerunt,</strong></span> <span class='ocrx_word' id='word_1_132' title='bbox 882 1808 930 1885; x_wconf 88' lang='lat' dir='ltr'><strong>ut,</strong></span> <span class='ocrx_word' id='word_1_133' title='bbox 967 1805 994 1869; x_wconf 93' lang='lat' dir='ltr'><strong>si</strong></span> <span class='ocrx_word' id='word_1_134' title='bbox 1016 1805 1181 1870; x_wconf 80' lang='lat' dir='ltr'><strong>facultates</strong></span> <span class='ocrx_word' id='word_1_135' title='bbox 1215 1805 1339 1872; x_wconf 90' lang='lat' dir='ltr'><strong>minimi</strong></span> 
     </span>
     <span class='ocr_line' id='line_1_16' title="bbox 107 1907 1340 1992; baseline 0.002 -18"><span class='ocrx_word' id='word_1_136' title='bbox 107 1927 233 1992; x_wconf 82' lang='lat' dir='ltr'><strong>census,</strong></span> <span class='ocrx_word' id='word_1_137' title='bbox 258 1907 372 1992; x_wconf 89' lang='lat' dir='ltr'><strong>quibus</strong></span> <span class='ocrx_word' id='word_1_138' title='bbox 396 1907 602 1974; x_wconf 73' lang='lat' dir='ltr'><strong>Athenienses</strong></span> <span class='ocrx_word' id='word_1_139' title='bbox 625 1909 658 1972; x_wconf 92' lang='lat' dir='ltr'><strong>in</strong></span> <span class='ocrx_word' id='word_1_140' title='bbox 680 1909 835 1974; x_wconf 90' lang='lat' dir='ltr'><strong>tributum</strong></span> <span class='ocrx_word' id='word_1_141' title='bbox 857 1909 1139 1992; x_wconf 85' lang='lat' dir='ltr'><strong>adstringerentur‚</strong></span> <span class='ocrx_word' id='word_1_142' title='bbox 1162 1912 1232 1974; x_wconf 85' lang='lat' dir='ltr'><strong>tum</strong></span> <span class='ocrx_word' id='word_1_143' title='bbox 1255 1909 1340 1976; x_wconf 78' lang='lat'>2500</span> 
     </span>
     <span class='ocr_line' id='line_1_17' title="bbox 105 2009 1339 2094; baseline 0.002 -18"><span class='ocrx_word' id='word_1_144' title='bbox 105 2011 272 2077; x_wconf 82' lang='lat' dir='ltr'><strong>drachmas</strong></span> <span class='ocrx_word' id='word_1_145' title='bbox 301 2012 396 2076; x_wconf 86' lang='lat' dir='ltr'><strong>fuisse</strong></span> <span class='ocrx_word' id='word_1_146' title='bbox 425 2030 498 2077; x_wconf 90' lang='lat' dir='ltr'><strong>cum</strong></span> <span class='ocrx_word' id='word_1_147' title='bbox 518 2011 672 2077; x_wconf 84' lang='lat' dir='ltr'><strong>Boeclrhio</strong></span> <span class='ocrx_word' id='word_1_148' title='bbox 694 2013 799 2094; x_wconf 90' lang='lat' dir='ltr'><strong>putes,</strong></span> <span class='ocrx_word' id='word_1_149' title='bbox 828 2013 909 2075; x_wconf 84' lang='lat' dir='ltr'><strong>cives</strong></span> <span class='ocrx_word' id='word_1_150' title='bbox 932 2009 1063 2077; x_wconf 90' lang='lat' dir='ltr'><strong>ultimae</strong></span> <span class='ocrx_word' id='word_1_151' title='bbox 1086 2013 1196 2076; x_wconf 89' lang='lat' dir='ltr'><strong>classis</strong></span> <span class='ocrx_word' id='word_1_152' title='bbox 1219 2015 1339 2078; x_wconf 82' lang='lat' dir='ltr'><strong>sextam</strong></span> 
     </span>
     <span class='ocr_line' id='line_1_18' title="bbox 107 2114 1338 2197; baseline -0.002 -17"><span class='ocrx_word' id='word_1_153' title='bbox 107 2117 173 2180; x_wconf 85' lang='lat' dir='ltr'><strong>fere</strong></span> <span class='ocrx_word' id='word_1_154' title='bbox 194 2114 243 2180; x_wconf 92' lang='lat' dir='ltr'><strong>rei</strong></span> <span class='ocrx_word' id='word_1_155' title='bbox 264 2114 430 2179; x_wconf 81' lang='lat' dir='ltr'><strong>familiaris</strong></span> <span class='ocrx_word' id='word_1_156' title='bbox 452 2117 583 2197; x_wconf 89' lang='lat' dir='ltr'><strong>partem,</strong></span> <span class='ocrx_word' id='word_1_157' title='bbox 607 2131 811 2197; x_wconf 86' lang='lat' dir='ltr'><strong>permagnam</strong></span> <span class='ocrx_word' id='word_1_158' title='bbox 833 2117 915 2180; x_wconf 88' lang='lat' dir='ltr'><strong>certe</strong></span> <span class='ocrx_word' id='word_1_159' title='bbox 937 2115 1111 2197; x_wconf 88' lang='lat' dir='ltr'><strong>pecuniam,</strong></span> <span class='ocrx_word' id='word_1_160' title='bbox 1132 2114 1166 2178; x_wconf 91' lang='lat' dir='ltr'><strong>in</strong></span> <span class='ocrx_word' id='word_1_161' title='bbox 1188 2115 1245 2179; x_wconf 90' lang='lat' dir='ltr'><strong>hcc</strong></span> <span class='ocrx_word' id='word_1_162' title='bbox 1267 2133 1338 2178; x_wconf 91' lang='lat' dir='ltr'><strong>mu·</strong></span> 
     </span>
     <span class='ocr_line' id='line_1_19' title="bbox 108 2215 1339 2300; baseline -0.002 -18"><span class='ocrx_word' id='word_1_163' title='bbox 108 2237 183 2284; x_wconf 89' lang='lat' dir='ltr'><strong>nere</strong></span> <span class='ocrx_word' id='word_1_164' title='bbox 210 2218 371 2283; x_wconf 88' lang='lat' dir='ltr'><strong>conlocare</strong></span> <span class='ocrx_word' id='word_1_165' title='bbox 394 2217 552 2300; x_wconf 83' lang='lat' dir='ltr'><strong>deberent3</strong></span> <span class='ocrx_word' id='word_1_166' title='bbox 581 2218 630 2282; x_wconf 91' lang='lat' dir='ltr'><strong>sin</strong></span> <span class='ocrx_word' id='word_1_167' title='bbox 653 2237 689 2281; x_wconf 86' lang='lat' dir='ltr'><strong>er</strong></span> <span class='ocrx_word' id='word_1_168' title='bbox 711 2236 834 2282; x_wconf 88' lang='lat' dir='ltr'><strong>summa</strong></span> <span class='ocrx_word' id='word_1_169' title='bbox 856 2217 926 2292; x_wconf 91' lang='lat' dir='ltr'><strong>illa,</strong></span> <span class='ocrx_word' id='word_1_170' title='bbox 958 2235 1037 2299; x_wconf 89' lang='lat' dir='ltr'><strong>quae</strong></span> <span class='ocrx_word' id='word_1_171' title='bbox 1059 2217 1099 2283; x_wconf 90' lang='lat' dir='ltr'><strong>ad</strong></span> <span class='ocrx_word' id='word_1_172' title='bbox 1121 2215 1339 2283; x_wconf 89' lang='lat' dir='ltr'><strong>trierarchiam</strong></span> 
     </span>
     <span class='ocr_line' id='line_1_20' title="bbox 107 2320 1338 2404; baseline -0.001 -18"><span class='ocrx_word' id='word_1_173' title='bbox 107 2322 156 2386; x_wconf 89' lang='lat' dir='ltr'><strong>est</strong></span> <span class='ocrx_word' id='word_1_174' title='bbox 171 2322 304 2402; x_wconf 87' lang='lat' dir='ltr'><strong>conlata,</strong></span> <span class='ocrx_word' id='word_1_175' title='bbox 327 2320 472 2386; x_wconf 90' lang='lat' dir='ltr'><strong>minimas</strong></span> <span class='ocrx_word' id='word_1_176' title='bbox 489 2322 725 2404; x_wconf 87' lang='lat' dir='ltr'><strong>computaturus</strong></span> <span class='ocrx_word' id='word_1_177' title='bbox 747 2321 925 2399; x_wconf 69' lang='lat' dir='ltr'><strong>facultates</strong></span> <span class='ocrx_word' id='word_1_178' title='bbox 948 2321 1061 2403; x_wconf 91' lang='lat' dir='ltr'><strong>quihus</strong></span> <span class='ocrx_word' id='word_1_179' title='bbox 1084 2323 1160 2387; x_wconf 88' lang='lat' dir='ltr'><strong>tunc</strong></span> <span class='ocrx_word' id='word_1_180' title='bbox 1182 2321 1338 2386; x_wconf 86' lang='lat' dir='ltr'><strong>tributum</strong></span> 
     </span>
     <span class='ocr_line' id='line_1_21' title="bbox 109 2423 1338 2508; baseline -0.002 -18"><span class='ocrx_word' id='word_1_181' title='bbox 109 2424 318 2490; x_wconf 82' lang='lat' dir='ltr'><strong>Athenienses</strong></span> <span class='ocrx_word' id='word_1_182' title='bbox 333 2423 548 2505; x_wconf 86' lang='lat' dir='ltr'><strong>imposuerint,</strong></span> <span class='ocrx_word' id='word_1_183' title='bbox 571 2442 666 2506; x_wconf 89' lang='lat' dir='ltr'><strong>quam</strong></span> <span class='ocrx_word' id='word_1_184' title='bbox 681 2423 833 2506; x_wconf 89' lang='lat' dir='ltr'><strong>plurimas</strong></span> <span class='ocrx_word' id='word_1_185' title='bbox 847 2440 942 2508; x_wconf 91' lang='lat' dir='ltr'><strong>opum</strong></span> <span class='ocrx_word' id='word_1_186' title='bbox 963 2425 1158 2501; x_wconf 83' lang='lat' dir='ltr'><strong>centesimas,</strong></span> <span class='ocrx_word' id='word_1_187' title='bbox 1181 2426 1338 2507; x_wconf 87' lang='lat' dir='ltr'><strong>quattuor,</strong></span> 
     </span>
     <span class='ocr_line' id='line_1_22' title="bbox 111 2525 1339 2607; baseline 0 -15"><span class='ocrx_word' id='word_1_188' title='bbox 111 2526 353 2594; x_wconf 78' lang='lat' dir='ltr'><strong>abdominibus</strong></span> <span class='ocrx_word' id='word_1_189' title='bbox 379 2525 467 2592; x_wconf 91' lang='lat' dir='ltr'><strong>illius</strong></span> <span class='ocrx_word' id='word_1_190' title='bbox 494 2527 602 2592; x_wconf 87' lang='lat' dir='ltr'><strong>classis</strong></span> <span class='ocrx_word' id='word_1_191' title='bbox 632 2527 728 2592; x_wconf 76' lang='lat' dir='ltr'><strong>facies</strong></span> <span class='ocrx_word' id='word_1_192' title='bbox 758 2526 930 2606; x_wconf 86' lang='lat' dir='ltr'><strong>pensitatae</strong></span> <span class='ocrx_word' id='word_1_193' title='bbox 957 2545 1039 2607; x_wconf 85' lang='lat' dir='ltr'><strong>esse,</strong></span> <span class='ocrx_word' id='word_1_194' title='bbox 1069 2526 1155 2592; x_wconf 78' lang='lat'>9374</span> <span class='ocrx_word' id='word_1_195' title='bbox 1177 2527 1339 2592; x_wconf 84' lang='lat' dir='ltr'><strong>drachmas</strong></span> 
     </span>
     <span class='ocr_line' id='line_1_23' title="bbox 118 2629 1338 2715; baseline -0.002 -18"><span class='ocrx_word' id='word_1_196' title='bbox 118 2633 152 2715; x_wconf 89' lang='lat' dir='ltr'><strong>(i.</strong></span> <span class='ocrx_word' id='word_1_197' title='bbox 176 2650 202 2697; x_wconf 89' lang='lat' dir='ltr'><strong>e.</strong></span> <span class='ocrx_word' id='word_1_198' title='bbox 231 2631 444 2710; x_wconf 77' lang='lat' dir='ltr'><strong>ltalcntum,</strong></span> <span class='ocrx_word' id='word_1_199' title='bbox 477 2631 519 2696; x_wconf 82' lang='lat'><strong>33</strong></span> <span class='ocrx_word' id='word_1_200' title='bbox 541 2630 659 2715; x_wconf 87' lang='lat' dir='ltr'><strong>minas,</strong></span> <span class='ocrx_word' id='word_1_201' title='bbox 694 2630 736 2694; x_wconf 77' lang='lat'><strong>74</strong></span> <span class='ocrx_word' id='word_1_202' title='bbox 758 2630 951 2711; x_wconf 73' lang='lat' dir='ltr'><strong>drachmas)¹</strong></span> <span class='ocrx_word' id='word_1_203' title='bbox 966 2629 1025 2694; x_wconf 88' lang='lat' dir='ltr'><strong>hac</strong></span> <span class='ocrx_word' id='word_1_204' title='bbox 1054 2632 1156 2694; x_wconf 88' lang='lat' dir='ltr'><strong>aetate</strong></span> <span class='ocrx_word' id='word_1_205' title='bbox 1184 2631 1338 2694; x_wconf 85' lang='lat' dir='ltr'><strong>immunes</strong></span> 
     </span>
     <span class='ocr_line' id='line_1_24' title="bbox 110 2731 1338 2818; baseline -0.003 -18"><span class='ocrx_word' id='word_1_206' title='bbox 110 2735 208 2800; x_wconf 83' lang='lat' dir='ltr'><strong>fuisse</strong></span> <span class='ocrx_word' id='word_1_207' title='bbox 230 2733 343 2798; x_wconf 91' lang='lat' dir='ltr'><strong>trihuti</strong></span> <span class='ocrx_word' id='word_1_208' title='bbox 366 2736 580 2816; x_wconf 87' lang='lat' dir='ltr'><strong>consequatur,</strong></span> <span class='ocrx_word' id='word_1_209' title='bbox 603 2753 640 2800; x_wconf 89' lang='lat' dir='ltr'><strong>ac</strong></span> <span class='ocrx_word' id='word_1_210' title='bbox 661 2733 755 2818; x_wconf 88' lang='lat' dir='ltr'><strong>duplo</strong></span> <span class='ocrx_word' id='word_1_211' title='bbox 777 2734 909 2799; x_wconf 89' lang='lat' dir='ltr'><strong>maiores</strong></span> <span class='ocrx_word' id='word_1_212' title='bbox 932 2731 1108 2812; x_wconf 86' lang='lat' dir='ltr'><strong>facultates,</strong></span> <span class='ocrx_word' id='word_1_213' title='bbox 1131 2734 1158 2798; x_wconf 89' lang='lat' dir='ltr'><strong>si</strong></span> <span class='ocrx_word' id='word_1_214' title='bbox 1178 2735 1338 2817; x_wconf 86' lang='lat' dir='ltr'><strong>permotus</strong></span> 
     </span>
     <span class='ocr_line' id='line_1_25' title="bbox 109 2835 1339 2922; baseline -0.001 -19"><span class='ocrx_word' id='word_1_215' title='bbox 109 2839 248 2922; x_wconf 84' lang='lat' dir='ltr'><strong>priorum</strong></span> <span class='ocrx_word' id='word_1_216' title='bbox 271 2837 447 2921; x_wconf 87' lang='lat' dir='ltr'><strong>temporum</strong></span> <span class='ocrx_word' id='word_1_217' title='bbox 469 2838 588 2903; x_wconf 91' lang='lat' dir='ltr'><strong>ratione</strong></span> <span class='ocrx_word' id='word_1_218' title='bbox 612 2839 688 2904; x_wconf 90' lang='lat' dir='ltr'><strong>duas</strong></span> <span class='ocrx_word' id='word_1_219' title='bbox 710 2841 836 2902; x_wconf 87' lang='lat' dir='ltr'><strong>tantum</strong></span> <span class='ocrx_word' id='word_1_220' title='bbox 859 2836 1044 2904; x_wconf 89' lang='lat' dir='ltr'><strong>centesimas</strong></span> <span class='ocrx_word' id='word_1_221' title='bbox 1061 2837 1100 2903; x_wconf 87' lang='lat' dir='ltr'><strong>ab</strong></span> <span class='ocrx_word' id='word_1_222' title='bbox 1114 2836 1224 2902; x_wconf 88' lang='lat' dir='ltr'><strong>iisdem</strong></span> <span class='ocrx_word' id='word_1_223' title='bbox 1238 2835 1339 2902; x_wconf 92' lang='lat' dir='ltr'><strong>horni-</strong></span> 
     </span>
     <span class='ocr_line' id='line_1_26' title="bbox 110 2936 1339 3023; baseline -0.005 -16"><span class='ocrx_word' id='word_1_224' title='bbox 110 2942 200 3008; x_wconf 91' lang='lat' dir='ltr'><strong>nibus</strong></span> <span class='ocrx_word' id='word_1_225' title='bbox 227 2941 346 3006; x_wconf 84' lang='lat' dir='ltr'><strong>solutas</strong></span> <span class='ocrx_word' id='word_1_226' title='bbox 377 2936 626 3006; x_wconf 83' lang='lat' dir='ltr'><strong>esee&#39;coneedas.</strong></span> <span class='ocrx_word' id='word_1_227' title='bbox 660 2942 748 3006; x_wconf 87' lang='lat' dir='ltr'><strong>Duas</strong></span> <span class='ocrx_word' id='word_1_228' title='bbox 770 2941 826 3006; x_wconf 89' lang='lat' dir='ltr'><strong>has</strong></span> <span class='ocrx_word' id='word_1_229' title='bbox 849 2940 1024 3023; x_wconf 83' lang='lat' dir='ltr'><strong>opiniones,</strong></span> <span class='ocrx_word' id='word_1_230' title='bbox 1054 2959 1185 3023; x_wconf 88' lang='lat' dir='ltr'><strong>quarum</strong></span> <span class='ocrx_word' id='word_1_231' title='bbox 1208 2939 1339 3004; x_wconf 88' lang='lat' dir='ltr'><strong>alteram</strong></span> 
     </span>
     <span class='ocr_line' id='line_1_27' title="bbox 110 3042 1339 3128; baseline -0.005 -17"><span class='ocrx_word' id='word_1_232' title='bbox 110 3050 230 3126; x_wconf 90' lang='lat' dir='ltr'><strong>utram,</strong></span> <span class='ocrx_word' id='word_1_233' title='bbox 254 3045 415 3128; x_wconf 83' lang='lat' dir='ltr'><strong>amplexus</strong></span> <span class='ocrx_word' id='word_1_234' title='bbox 436 3042 526 3110; x_wconf 91' lang='lat' dir='ltr'><strong>illam</strong></span> <span class='ocrx_word' id='word_1_235' title='bbox 547 3044 748 3125; x_wconf 86' lang='lat' dir='ltr'><strong>sententiam,</strong></span> <span class='ocrx_word' id='word_1_236' title='bbox 771 3042 901 3125; x_wconf 89' lang='lat' dir='ltr'><strong>probare</strong></span> <span class='ocrx_word' id='word_1_237' title='bbox 923 3042 1066 3120; x_wconf 89' lang='lat' dir='ltr'><strong>debebas,</strong></span> <span class='ocrx_word' id='word_1_238' title='bbox 1090 3059 1249 3125; x_wconf 83' lang='lat' dir='ltr'><strong>perversas</strong></span> <span class='ocrx_word' id='word_1_239' title='bbox 1272 3055 1339 3106; x_wconf 87' lang='lat' dir='ltr'><strong>esse</strong></span> 
     </span>
     <span class='ocr_line' id='line_1_28' title="bbox 110 3145 831 3229; baseline -0.006 -15"><span class='ocrx_word' id='word_1_240' title='bbox 110 3167 184 3214; x_wconf 87' lang='lat' dir='ltr'><strong>sane</strong></span> <span class='ocrx_word' id='word_1_241' title='bbox 205 3166 267 3212; x_wconf 93' lang='lat' dir='ltr'><strong>non</strong></span> <span class='ocrx_word' id='word_1_242' title='bbox 290 3149 347 3225; x_wconf 87' lang='lat' dir='ltr'><strong>est,</strong></span> <span class='ocrx_word' id='word_1_243' title='bbox 371 3145 590 3229; x_wconf 82' lang='lat' dir='ltr'><strong>conpluribus</strong></span> <span class='ocrx_word' id='word_1_244' title='bbox 612 3147 831 3211; x_wconf 77' lang='lat' dir='ltr'><strong>demonstrem:</strong></span> 
     </span>
    </p>

    <p class='ocr_par' dir='ltr' id='par_1_5' title="bbox 108 3245 1340 3640">
     <span class='ocr_line' id='line_1_29' title="bbox 212 3245 1338 3340; baseline -0.001 -26"><span class='ocrx_word' id='word_1_245' title='bbox 212 3251 338 3330; x_wconf 81' lang='lat' dir='ltr'><strong>Restat,</strong></span> <span class='ocrx_word' id='word_1_246' title='bbox 374 3251 410 3314; x_wconf 90' lang='lat' dir='ltr'><strong>ut</strong></span> <span class='ocrx_word' id='word_1_247' title='bbox 432 3266 672 3314; x_wconf 90' lang='lat' dir='ltr'><strong>commemorem</strong></span> <span class='ocrx_word' id='word_1_248' title='bbox 687 3248 898 3340; x_wconf 54' lang='lat' dir='ltr'><strong>,trierarchiae</strong></span> <span class='ocrx_word' id='word_1_249' title='bbox 921 3266 998 3312; x_wconf 89' lang='lat' dir='ltr'><strong>onus</strong></span> <span class='ocrx_word' id='word_1_250' title='bbox 1021 3250 1114 3330; x_wconf 83' lang='lat' dir='ltr'><strong>atquc</strong></span> <span class='ocrx_word' id='word_1_251' title='bbox 1136 3245 1294 3332; x_wconf 90' lang='lat' dir='ltr'><strong>impendia</strong></span> <span class='ocrx_word' id='word_1_252' title='bbox 1303 3247 1338 3329; x_wconf 88' lang='lat'><strong>¹),</strong></span> 
     </span>
     <span class='ocr_line' id='line_1_30' title="bbox 108 3351 1340 3438; baseline -0.004 -17"><span class='ocrx_word' id='word_1_253' title='bbox 108 3353 281 3436; x_wconf 88' lang='lat' dir='ltr'><strong>dequibus</strong></span> <span class='ocrx_word' id='word_1_254' title='bbox 313 3353 404 3419; x_wconf 92' lang='lat' dir='ltr'><strong>modo</strong></span> <span class='ocrx_word' id='word_1_255' title='bbox 436 3355 653 3434; x_wconf 87' lang='lat' dir='ltr'><strong>disseruimus,</strong></span> <span class='ocrx_word' id='word_1_256' title='bbox 689 3372 784 3438; x_wconf 89' lang='lat' dir='ltr'><strong>aequo</strong></span> <span class='ocrx_word' id='word_1_257' title='bbox 815 3353 886 3436; x_wconf 87' lang='lat' dir='ltr'><strong>plus</strong></span> <span class='ocrx_word' id='word_1_258' title='bbox 916 3355 1008 3418; x_wconf 91' lang='lat' dir='ltr'><strong>aucta</strong></span> <span class='ocrx_word' id='word_1_259' title='bbox 1037 3370 1119 3432; x_wconf 88' lang='lat' dir='ltr'><strong>esse,</strong></span> <span class='ocrx_word' id='word_1_260' title='bbox 1154 3351 1181 3416; x_wconf 86' lang='lat' dir='ltr'><strong>si</strong></span> <span class='ocrx_word' id='word_1_261' title='bbox 1204 3351 1261 3416; x_wconf 91' lang='lat' dir='ltr'><strong>aut</strong></span> <span class='ocrx_word' id='word_1_262' title='bbox 1290 3371 1340 3416; x_wconf 86' lang='lat' dir='ltr'><strong>ree</strong></span> 
     </span>
     <span class='ocr_line' id='line_1_31' title="bbox 108 3456 1340 3541; baseline -0.001 -18"><span class='ocrx_word' id='word_1_263' title='bbox 108 3457 235 3540; x_wconf 90' lang='lat' dir='ltr'><strong>publica</strong></span> <span class='ocrx_word' id='word_1_264' title='bbox 250 3459 314 3541; x_wconf 89' lang='lat' dir='ltr'><strong>aut,</strong></span> <span class='ocrx_word' id='word_1_265' title='bbox 337 3457 391 3540; x_wconf 91' lang='lat' dir='ltr'><strong>qui</strong></span> <span class='ocrx_word' id='word_1_266' title='bbox 407 3457 502 3524; x_wconf 90' lang='lat' dir='ltr'><strong>alicui</strong></span> <span class='ocrx_word' id='word_1_267' title='bbox 524 3476 721 3524; x_wconf 88' lang='lat' dir='ltr'><strong>successurus</strong></span> <span class='ocrx_word' id='word_1_268' title='bbox 745 3460 821 3538; x_wconf 87' lang='lat' dir='ltr'><strong>erat,</strong></span> <span class='ocrx_word' id='word_1_269' title='bbox 844 3475 907 3522; x_wconf 90' lang='lat' dir='ltr'><strong>nou</strong></span> <span class='ocrx_word' id='word_1_270' title='bbox 929 3460 1092 3524; x_wconf 81' lang='lat' dir='ltr'><strong>exsecutus</strong></span> <span class='ocrx_word' id='word_1_271' title='bbox 1114 3456 1156 3522; x_wconf 88' lang='lat' dir='ltr'><strong>sit</strong></span> <span class='ocrx_word' id='word_1_272' title='bbox 1170 3473 1228 3522; x_wconf 89' lang='lat' dir='ltr'><strong>sua</strong></span> <span class='ocrx_word' id='word_1_273' title='bbox 1244 3457 1340 3538; x_wconf 87' lang='lat' dir='ltr'><strong>ipsius</strong></span> 
     </span>
     <span class='ocr_line' id='line_1_32' title="bbox 109 3556 257 3640; baseline 0 -18"><span class='ocrx_word' id='word_1_274' title='bbox 109 3556 257 3640; x_wconf 51' lang='lat' dir='ltr'><strong>officim).</strong></span> 
     </span>
    </p>

    <p class='ocr_par' dir='ltr' id='par_1_6' title="bbox 212 3661 1339 3747">
     <span class='ocr_line' id='line_1_33' title="bbox 212 3661 1339 3747; baseline -0.002 -19"><span class='ocrx_word' id='word_1_275' title='bbox 212 3663 384 3747; x_wconf 85' lang='lat' dir='ltr'><strong>Designarc</strong></span> <span class='ocrx_word' id='word_1_276' title='bbox 411 3682 484 3728; x_wconf 84' lang='lat' dir='ltr'><strong>vero</strong></span> <span class='ocrx_word' id='word_1_277' title='bbox 513 3663 715 3741; x_wconf 84' lang='lat' dir='ltr'><strong>trierarchos,</strong></span> <span class='ocrx_word' id='word_1_278' title='bbox 746 3664 799 3746; x_wconf 87' lang='lat' dir='ltr'><strong>qui</strong></span> <span class='ocrx_word' id='word_1_279' title='bbox 827 3680 888 3728; x_wconf 91' lang='lat' dir='ltr'><strong>non</strong></span> <span class='ocrx_word' id='word_1_280' title='bbox 910 3661 993 3727; x_wconf 91' lang='lat' dir='ltr'><strong>bello</strong></span> <span class='ocrx_word' id='word_1_281' title='bbox 1016 3661 1134 3743; x_wconf 89' lang='lat' dir='ltr'><strong>solum,</strong></span> <span class='ocrx_word' id='word_1_282' title='bbox 1166 3661 1339 3728; x_wconf 88' lang='lat' dir='ltr'><strong>sedetiam</strong></span> 
     </span>
    </p>
   </div>
   <div class='ocr_carea' id='block_1_5' title="bbox 110 3824 313 3834">
    <p class='ocr_par' dir='ltr' id='par_1_7' title="bbox 110 3824 313 3834">
     <span class='ocr_line' id='line_1_34' title="bbox 110 3824 313 3834; baseline -0.01 0"><span class='ocrx_word' id='word_1_283' title='bbox 110 3824 313 3834; x_wconf 48' lang='grc' dir='ltr'><strong>μή..</strong></span> 
     </span>
    </p>
   </div>
   <div class='ocr_carea' id='block_1_6' title="bbox 109 3899 1341 4572">
    <p class='ocr_par' dir='ltr' id='par_1_8' title="bbox 109 3899 1341 4401">
     <span class='ocr_line' id='line_1_35' title="bbox 214 3899 1339 3972; baseline -0.004 -16"><span class='ocrx_word' id='word_1_284' title='bbox 214 3905 234 3970; x_wconf 86' lang='lat'><strong>¹)</strong></span> <span class='ocrx_word' id='word_1_285' title='bbox 254 3901 295 3956; x_wconf 85' lang='lat' dir='ltr'><strong>Cf.</strong></span> <span class='ocrx_word' id='word_1_286' title='bbox 309 3901 370 3972; x_wconf 88' lang='lat' dir='ltr'><strong>Lys.</strong></span> <span class='ocrx_word' id='word_1_287' title='bbox 387 3901 440 3972; x_wconf 80' lang='lat' dir='ltr'><strong>frg.</strong></span> <span class='ocrx_word' id='word_1_288' title='bbox 453 3902 502 3956; x_wconf 81' lang='lat'><strong>39:</strong></span> <span class='ocrx_word' id='word_1_289' title='bbox 521 3902 690 3970; x_wconf 76' lang='grc' dir='ltr'>ἀδηφάγον(</span> <span class='ocrx_word' id='word_1_290' title='bbox 708 3903 845 3971; x_wconf 72' lang='grc' dir='ltr'>τριήρειςι</span> <span class='ocrx_word' id='word_1_291' title='bbox 863 3901 937 3956; x_wconf 84' lang='lat' dir='ltr'><strong>Suid.</strong></span> <span class='ocrx_word' id='word_1_292' title='bbox 950 3899 988 3967; x_wconf 90' lang='lat'><strong>11,</strong></span> <span class='ocrx_word' id='word_1_293' title='bbox 1001 3901 1026 3966; x_wconf 82' lang='grc'><strong>2,</strong></span> <span class='ocrx_word' id='word_1_294' title='bbox 1047 3901 1151 3966; x_wconf 70' lang='grc'><strong>1209,9</strong></span> <span class='ocrx_word' id='word_1_295' title='bbox 1169 3916 1235 3969; x_wconf 74' lang='lat' dir='ltr'><strong>sqq,</strong></span> <span class='ocrx_word' id='word_1_296' title='bbox 1254 3899 1339 3952; x_wconf 84' lang='lat' dir='ltr'><strong>Schol.</strong></span> 
     </span>
     <span class='ocr_line' id='line_1_36' title="bbox 109 3985 1340 4057; baseline -0.002 -16"><span class='ocrx_word' id='word_1_297' title='bbox 109 3988 282 4054; x_wconf 78' lang='lat' dir='ltr'><strong>Aristophan.</strong></span> <span class='ocrx_word' id='word_1_298' title='bbox 302 3987 393 4056; x_wconf 81' lang='lat' dir='ltr'><strong>Equit.</strong></span> <span class='ocrx_word' id='word_1_299' title='bbox 412 3988 464 4042; x_wconf 88' lang='grc'><strong>914</strong></span> <span class='ocrx_word' id='word_1_300' title='bbox 482 4003 553 4057; x_wconf 87' lang='lat' dir='ltr'><strong>sqq.;</strong></span> <span class='ocrx_word' id='word_1_301' title='bbox 583 3987 645 4057; x_wconf 79' lang='lat' dir='ltr'><strong>Lys.</strong></span> <span class='ocrx_word' id='word_1_302' title='bbox 664 3987 762 4057; x_wconf 75' lang='lat' dir='ltr'><strong>XXlX,</strong></span> <span class='ocrx_word' id='word_1_303' title='bbox 781 3988 812 4043; x_wconf 80' lang='lat'><strong>4:</strong></span> <span class='ocrx_word' id='word_1_304' title='bbox 837 3987 929 4042; x_wconf 82' lang='grc' dir='ltr'>καίτοι</span> <span class='ocrx_word' id='word_1_305' title='bbox 947 3988 1050 4052; x_wconf 80' lang='grc' dir='ltr'>δεινόν,</span> <span class='ocrx_word' id='word_1_306' title='bbox 1068 3986 1093 4044; x_wconf 73' lang='grc' dir='ltr'><strong>εἰ</strong></span> <span class='ocrx_word' id='word_1_307' title='bbox 1110 3986 1138 4042; x_wconf 81' lang='lat' dir='ltr'><strong>ol</strong></span> <span class='ocrx_word' id='word_1_308' title='bbox 1156 3987 1207 4053; x_wconf 79' lang='grc' dir='ltr'><strong>μὲν</strong></span> <span class='ocrx_word' id='word_1_309' title='bbox 1225 3985 1276 4040; x_wconf 82' lang='grc' dir='ltr'><strong>τὰς</strong></span> <span class='ocrx_word' id='word_1_310' title='bbox 1294 3985 1340 4038; x_wconf 82' lang='grc' dir='ltr'><strong>οὐ·</strong></span> 
     </span>
     <span class='ocr_line' id='line_1_37' title="bbox 111 4073 1341 4144; baseline -0.002 -17"><span class='ocrx_word' id='word_1_311' title='bbox 111 4073 169 4128; x_wconf 80' lang='grc' dir='ltr'>ςίας</span> <span class='ocrx_word' id='word_1_312' title='bbox 187 4075 300 4141; x_wconf 83' lang='grc' dir='ltr'>ἔχοντες</span> <span class='ocrx_word' id='word_1_313' title='bbox 319 4077 532 4144; x_wconf 78' lang='grc' dir='ltr'>δλοφυροθνται</span> <span class='ocrx_word' id='word_1_314' title='bbox 549 4079 803 4143; x_wconf 81' lang='grc' dir='ltr'>τριηραρχοῦντες,</span> <span class='ocrx_word' id='word_1_315' title='bbox 826 4073 912 4128; x_wconf 82' lang='grc' dir='ltr'>οὖτος</span> <span class='ocrx_word' id='word_1_316' title='bbox 931 4075 961 4128; x_wconf 89' lang='grc' dir='ltr'>δέ</span> <span class='ocrx_word' id='word_1_317' title='bbox 979 4073 1066 4127; x_wconf 79' lang='grc' dir='ltr'>οὐδὲν</span> <span class='ocrx_word' id='word_1_318' title='bbox 1083 4073 1224 4141; x_wconf 83' lang='grc' dir='ltr'>πρότερον</span> <span class='ocrx_word' id='word_1_319' title='bbox 1241 4087 1341 4137; x_wconf 89' lang='grc' dir='ltr'>κεκτη-</span> 
     </span>
     <span class='ocr_line' id='line_1_38' title="bbox 112 4156 1340 4230; baseline -0.003 -16"><span class='ocrx_word' id='word_1_320' title='bbox 112 4160 195 4224; x_wconf 81' lang='grc' dir='ltr'>μένος</span> <span class='ocrx_word' id='word_1_321' title='bbox 213 4161 245 4215; x_wconf 90' lang='grc' dir='ltr'><strong>ἐν</strong></span> <span class='ocrx_word' id='word_1_322' title='bbox 263 4159 362 4229; x_wconf 77' lang='grc' dir='ltr'>ἐκείνῳ</span> <span class='ocrx_word' id='word_1_323' title='bbox 381 4165 424 4230; x_wconf 77' lang='grc' dir='ltr'><strong>τῷ</strong></span> <span class='ocrx_word' id='word_1_324' title='bbox 443 4162 539 4230; x_wconf 86' lang='grc' dir='ltr'>χρόνῳ</span> <span class='ocrx_word' id='word_1_325' title='bbox 564 4159 841 4226; x_wconf 75' lang='grc' dir='ltr'>ἐθελοντὴςὺπέςτη</span> <span class='ocrx_word' id='word_1_326' title='bbox 860 4159 971 4226; x_wconf 86' lang='grc' dir='ltr'>ταύτην</span> <span class='ocrx_word' id='word_1_327' title='bbox 990 4159 1045 4225; x_wconf 81' lang='grc' dir='ltr'><strong>τὴν</strong></span> <span class='ocrx_word' id='word_1_328' title='bbox 1062 4156 1256 4225; x_wconf 71' lang='grc' dir='ltr'>λειτουργίανς</span> <span class='ocrx_word' id='word_1_329' title='bbox 1279 4157 1340 4211; x_wconf 80' lang='lat' dir='ltr'><strong>nri-</strong></span> 
     </span>
     <span class='ocr_line' id='line_1_39' title="bbox 110 4240 1335 4315; baseline 0 -17"><span class='ocrx_word' id='word_1_330' title='bbox 110 4247 198 4314; x_wconf 86' lang='lat' dir='ltr'><strong>stoph.</strong></span> <span class='ocrx_word' id='word_1_331' title='bbox 210 4245 277 4299; x_wconf 87' lang='lat' dir='ltr'><strong>Rau.</strong></span> <span class='ocrx_word' id='word_1_332' title='bbox 291 4246 359 4300; x_wconf 83' lang='lat'>1065</span> <span class='ocrx_word' id='word_1_333' title='bbox 370 4262 423 4315; x_wconf 83' lang='lat' dir='ltr'><strong>sq.:</strong></span> <span class='ocrx_word' id='word_1_334' title='bbox 442 4248 648 4301; x_wconf 73' lang='grc' dir='ltr'>οὔκουνέθέλει</span> <span class='ocrx_word' id='word_1_335' title='bbox 660 4263 693 4312; x_wconf 86' lang='grc' dir='ltr'><strong>γε</strong></span> <span class='ocrx_word' id='word_1_336' title='bbox 705 4251 887 4314; x_wconf 80' lang='grc' dir='ltr'>τριηραρχεῖν</span> <span class='ocrx_word' id='word_1_337' title='bbox 905 4249 1040 4300; x_wconf 79' lang='grc' dir='ltr'>πλουτῶν</span> <span class='ocrx_word' id='word_1_338' title='bbox 1053 4244 1145 4298; x_wconf 80' lang='grc' dir='ltr'>οὐδεὶς</span> <span class='ocrx_word' id='word_1_339' title='bbox 1158 4244 1205 4298; x_wconf 83' lang='grc' dir='ltr'><strong>διὰ</strong></span> <span class='ocrx_word' id='word_1_340' title='bbox 1218 4240 1335 4310; x_wconf 64' lang='lat' dir='ltr'><strong>rutra!</strong></span> 
     </span>
     <span class='ocr_line' id='line_1_40' title="bbox 112 4331 923 4401; baseline 0.004 -16"><span class='ocrx_word' id='word_1_341' title='bbox 112 4331 183 4386; x_wconf 78' lang='grc' dir='ltr'>ἀλλὰ</span> <span class='ocrx_word' id='word_1_342' title='bbox 200 4331 307 4398; x_wconf 72' lang='grc' dir='ltr'>ῥακίοις</span> <span class='ocrx_word' id='word_1_343' title='bbox 324 4333 520 4401; x_wconf 85' lang='grc' dir='ltr'>περιιλὰμενος</span> <span class='ocrx_word' id='word_1_344' title='bbox 537 4333 616 4388; x_wconf 79' lang='grc' dir='ltr'>κλάει</span> <span class='ocrx_word' id='word_1_345' title='bbox 634 4332 680 4386; x_wconf 86' lang='grc' dir='ltr'><strong>καί</strong></span> <span class='ocrx_word' id='word_1_346' title='bbox 698 4347 767 4399; x_wconf 87' lang='grc' dir='ltr'>φηςι</span> <span class='ocrx_word' id='word_1_347' title='bbox 783 4332 923 4388; x_wconf 80' lang='grc' dir='ltr'>πένεςθαι</span> 
     </span>
    </p>

    <p class='ocr_par' dir='ltr' id='par_1_9' title="bbox 111 4412 1341 4572">
     <span class='ocr_line' id='line_1_41' title="bbox 216 4412 1341 4486; baseline -0.006 -12"><span class='ocrx_word' id='word_1_348' title='bbox 216 4421 236 4482; x_wconf 81' lang='lat'><strong>²)</strong></span> <span class='ocrx_word' id='word_1_349' title='bbox 254 4417 294 4474; x_wconf 80' lang='lat' dir='ltr'><strong>df.</strong></span> <span class='ocrx_word' id='word_1_350' title='bbox 306 4418 382 4472; x_wconf 89' lang='lat' dir='ltr'><strong>Dem.</strong></span> <span class='ocrx_word' id='word_1_351' title='bbox 394 4417 424 4483; x_wconf 87' lang='lat' dir='ltr'><strong>L,</strong></span> <span class='ocrx_word' id='word_1_352' title='bbox 438 4417 453 4471; x_wconf 82' lang='grc'><strong>7</strong></span> <span class='ocrx_word' id='word_1_353' title='bbox 459 4439 467 4484; x_wconf 86' lang='grc'><strong>;</strong></span> <span class='ocrx_word' id='word_1_354' title='bbox 486 4417 531 4484; x_wconf 88' lang='lat'><strong>10;</strong></span> <span class='ocrx_word' id='word_1_355' title='bbox 551 4418 598 4484; x_wconf 76' lang='lat'><strong>123</strong></span> <span class='ocrx_word' id='word_1_356' title='bbox 617 4418 662 4484; x_wconf 75' lang='lat'><strong>153</strong></span> <span class='ocrx_word' id='word_1_357' title='bbox 680 4418 728 4484; x_wconf 75' lang='lat'><strong>203</strong></span> <span class='ocrx_word' id='word_1_358' title='bbox 747 4422 788 4483; x_wconf 60' lang='grc' dir='ltr'><strong>ἐξ.</strong></span> <span class='ocrx_word' id='word_1_359' title='bbox 802 4433 874 4486; x_wconf 88' lang='lat' dir='ltr'><strong>sqq.;</strong></span> <span class='ocrx_word' id='word_1_360' title='bbox 892 4417 1008 4474; x_wconf 79' lang='lat' dir='ltr'><strong>Bceelrln</strong></span> <span class='ocrx_word' id='word_1_361' title='bbox 1020 4415 1081 4473; x_wconf 80' lang='lat' dir='ltr'><strong>Oea.</strong></span> <span class='ocrx_word' id='word_1_362' title='bbox 1099 4415 1149 4473; x_wconf 85' lang='lat' dir='ltr'><strong>cir.</strong></span> <span class='ocrx_word' id='word_1_363' title='bbox 1162 4416 1224 4470; x_wconf 81' lang='lat' dir='ltr'><strong>hth.</strong></span> <span class='ocrx_word' id='word_1_364' title='bbox 1240 4412 1262 4480; x_wconf 87' lang='grc' dir='ltr'><strong>Ι,</strong></span> <span class='ocrx_word' id='word_1_365' title='bbox 1275 4413 1341 4476; x_wconf 79' lang='grc'><strong>700;</strong></span> 
     </span>
     <span class='ocr_line' id='line_1_42' title="bbox 111 4502 1031 4572; baseline -0.002 -14"><span class='ocrx_word' id='word_1_366' title='bbox 111 4502 257 4560; x_wconf 83' lang='lat' dir='ltr'><strong>Kirchhoff.</strong></span> <span class='ocrx_word' id='word_1_367' title='bbox 276 4503 295 4560; x_wconf 92' lang='lat' dir='ltr'><strong>l.</strong></span> <span class='ocrx_word' id='word_1_368' title='bbox 314 4519 335 4558; x_wconf 91' lang='lat' dir='ltr'><strong>c.</strong></span> <span class='ocrx_word' id='word_1_369' title='bbox 353 4519 380 4572; x_wconf 90' lang='lat' dir='ltr'><strong>p.</strong></span> <span class='ocrx_word' id='word_1_370' title='bbox 396 4503 444 4570; x_wconf 72' lang='lat'><strong>823</strong></span> <span class='ocrx_word' id='word_1_371' title='bbox 462 4503 509 4572; x_wconf 72' lang='lat'><strong>833</strong></span> <span class='ocrx_word' id='word_1_372' title='bbox 528 4503 617 4560; x_wconf 80' lang='lat' dir='ltr'><strong>Curtii</strong></span> <span class='ocrx_word' id='word_1_373' title='bbox 634 4502 707 4558; x_wconf 79' lang='lat' dir='ltr'><strong>Hist</strong></span> <span class='ocrx_word' id='word_1_374' title='bbox 726 4503 815 4558; x_wconf 83' lang='lat' dir='ltr'><strong>Graec.</strong></span> <span class='ocrx_word' id='word_1_375' title='bbox 834 4502 886 4572; x_wconf 82' lang='lat' dir='ltr'><strong>HI,</strong></span> <span class='ocrx_word' id='word_1_376' title='bbox 905 4503 956 4558; x_wconf 79' lang='lat'><strong>572</strong></span> <span class='ocrx_word' id='word_1_377' title='bbox 974 4517 1031 4572; x_wconf 85' lang='lat' dir='ltr'><strong>sqq.</strong></span> 
     </span>
    </p>
   </div>
   <div class='ocr_carea' id='block_1_7' title="bbox 0 0 1603 5060">
    <p class='ocr_par' dir='ltr' id='par_1_10' title="bbox 0 0 1603 5060">
     <span class='ocr_line' id='line_1_43' title="bbox 0 0 1603 5060; baseline 0 0"><span class='ocrx_word' id='word_1_378' title='bbox 0 0 1603 5060; x_wconf 95' lang='lat' dir='ltr'><strong> </strong></span> 
     </span>
    </p>
   </div>
  </div>
 </body>
</html>
