3142 5052
671 219 973 317 ’-ιο-

256 436 435 516 referamus,
458 457 534 521 quus
551 439 680 522 quisque
702 439 784 522 apud
805 441 1024 524 magistratum
1045 439 1249 526 profitebatur
1263 475 1304 488 -
1320 440 1390 506 lieet
1410 459 1472 507 eam

256 540 356 604 oneris
371 540 404 604 iu
416 541 553 624 singulos
565 542 650 608 ciues
662 541 869 608 distribuendi
884 542 1045 621 rationem,
1061 560 1139 624 quse
1155 542 1209 609 ille
1223 542 1293 626 lege
1308 543 1470 626 exponitur,

257 643 322 706 ueri
345 643 480 708 similem
503 662 570 710 esee
591 663 692 723 nemo,
716 645 744 710 si
764 646 965 727 reputaverit,
988 664 1066 728 quse
1089 646 1126 711 de
1148 645 1250 729 priore
1272 647 1371 710 estete
1391 650 1472 712 mode

257 748 463 830 exposuimus,
487 747 530 814 sit
551 749 731 832 negaturus,
754 751 870 827 temen,
894 767 966 814 eum
989 751 1020 812 et
1036 750 1203 830 deeretum,
1227 749 1308 831 quod
1330 751 1473 816 enteeetit

260 850 422 932 (§.105)‚
456 851 597 933 quisquis
627 851 819 918 decretorum
849 852 941 917 huius
971 852 1120 933 temporis
1151 849 1474 933 cognouerit'formem

256 955 350 1035 atque
381 953 521 1018 indolem
533 952 570 1036 ¹),
605 953 744 1036 spurium
772 972 839 1019 esse
867 974 903 1018 eu
930 953 1031 1032 prime
1062 953 1128 1018 iem
1155 953 1256 1018 fronte
1284 957 1474 1020 tententurus
1557 1019 1558 1022 ,

257 1053 300 1118 sit
322 1073 421 1137 neque
448 1056 581 1122 alterum
604 1058 706 1140 legem
727 1057 895 1140 genuinum
916 1057 1024 1122 heberi
1046 1075 1135 1140 posse
1157 1057 1345 1138 Droyssenus
1367 1057 1474 1140 optime

256 1156 436 1241 docueritff),
464 1158 532 1240 quie
555 1162 612 1237 est,
635 1159 828 1240 quinetiam
851 1161 914 1244 legi
936 1158 1030 1225 fidem
1052 1159 1191 1243 abroget,
1215 1161 1253 1226 de
1275 1177 1337 1241 que
1357 1160 1475 1245 egitur?

256 1259 356 1324 Immo
385 1260 455 1326 aliis
482 1281 602 1344 quoque
629 1265 822 1346 argumentis
845 1265 921 1328 haee
941 1264 1074 1346 suspicio
1098 1262 1314 1328 eonfirmetur:
1347 1265 1475 1346 primum

255 1381 394 1430 summae
431 1363 590 1430 offensioni
627 1368 689 1444 est,
723 1366 804 1447 quod
841 1366 909 1432 teta
945 1365 1022 1432 heee
1059 1367 1109 1430 lex
1141 1365 1330 1432 obscuritate
1364 1367 1411 1430 est
1441 1365 1474 1430 ub
1558 1441 1559 1458 χ

256 1464 364 1543 <iusim
403 1485 491 1546 nem,
529 1487 602 1534 eum
637 1468 729 1535 initio
765 1470 803 1534 de
837 1487 931 1534 eeusu
968 1466 1110 1552 uegetum)
1151 1471 1239 1551 (τοὺε
1275 1470 1475 1550 τριηράρχου(

256 1571 408 1650 αίρεῖεθαι
440 1573 490 1637 ἐπὶ
523 1575 581 1652 τὴν
613 1574 722 1652 τριήρη
757 1572 823 1638 ἀπὸ
856 1577 912 1652 τῆ(
945 1573 1052 1638 οὐείαε
1084 1572 1185 1638 κατὰ
1218 1573 1383 1653 τίμηειν,
1416 1571 1474 1636 ἀπὸ

257 1675 424 1740 ταλάντων
456 1677 544 1757 δέκα)
569 1676 706 1757 itemque
728 1675 827 1759 aeeipi
850 1677 946 1758 possit
967 1676 1137 1742 sententie:
1171 1677 1248 1741 υέὰν
1270 1679 1307 1742 δὲ
1329 1675 1477 1741 πλειόνων

257 1777 277 1856 ἡ
305 1777 395 1842 euicta
432 1778 680 1860 ἀποτετιμημένη
708 1779 936 1862 ᾑχρημάτων,
969 1781 1048 1845 κατὰ
1085 1780 1143 1846 τὸν
1176 1778 1386 1858 ἀναλογιεμόν
1422 1779 1476 1843 ἕω(
1559 1807 1560 1828 ι

256 1885 353 1959 τριῶν
379 1882 502 1946 πλοίων
524 1883 574 1946 καὶ
596 1882 785 1962 ὑπηρετικοῦ
808 1883 828 1960 ἡ
851 1883 1028 1962 λειτουργία
1049 1883 1162 1958 ἔετων,
1196 1886 1334 1947 extreme
1355 1883 1422 1964 lege
1443 1879 1476 1943 de
1559 1885 1560 1890 ’

256 2001 289 2048 re
304 1983 453 2048 familiari
476 1985 599 2050 tantum
622 1985 715 2050 verbe
728 1985 824 2048 fiunt:
848 1986 928 2050 κατὰ
950 1987 1006 2063 τὴν
1029 1986 1127 2064 αὐτὴν
1150 1987 1185 2050 δὲ
1209 1984 1381 2063 ἀναλογίαν
1403 1984 1475 2049 tcum

256 2088 318 2153 καὶ
348 2087 407 2152 otc
438 2087 612 2153 ἐλάττων
642 2089 755 2154 οὐεία
778 2089 858 2153 έετὶ
881 2094 958 2156 τῶν
980 2089 1075 2154 δέκα
1096 2088 1316 2164 ταλάντων,
1350 2089 1393 2154 είε
1414 2106 1476 2152 cuu-
1558 2073 1561 2204 ί

256 2190 378 2254 τέλειαν
409 2192 630 2268 ευναγομένοιε
652 2191 696 2256 εἰ(
717 2192 795 2256 δέκα
816 2191 970 2264 τάλαντα;
1001 2190 1105 2271 itaque
1127 2209 1164 2254 en
1186 2189 1244 2254 teli
1266 2190 1393 2272 quidem
1414 2190 1476 2270 lege

255 2309 450 2373 nequequam
472 2291 591 2375 liquere
612 2293 724 2374 potuit,
750 2312 825 2357 num
849 2310 958 2358 oeneus
981 2311 1020 2356 an
1043 2310 1091 2358 res
1115 2292 1280 2358 familiaris
1305 2294 1408 2357 essent
1428 2293 1477 2356 de·

257 2411 324 2460 cem
352 2393 408 2459 ille
440 2395 575 2471 telente;
612 2399 681 2460 tum
711 2396 860 2461 uenabulo
889 2397 1046 2477 ἀποτιμᾶν
1070 2395 1170 2460 Αίδίοί
1192 2394 1370 2477 significent
1400 2411 1476 2460 erem

256 2497 429 2576 aestimare,
453 2516 530 2582 quse
552 2499 674 2582 pignori
697 2499 818 2581 ἀθέατα
841 2499 879 2562 ef.
897 2499 984 2564 Dem.
1001 2498 1099 2577 XXX,
1119 2498 1153 2562 i:
1179 2501 1349 2577 ηπροέεθαι
1377 2498 1477 2575 δὲτὴν

255 2601 359 2682 προῖκ’
389 2601 448 2666 οὐκ
478 2602 668 2677 ἐπίετευεεν,
702 2602 806 2681 ὥεπερ
829 2603 856 2667 εί
877 2603 918 2667 τὰ
940 2607 1005 2666 τῶν
1035 2601 1313 2681 ἐπιτροπευόντων
1343 2601 1478 2680 χρήματα

257 2703 438 2782 ἀποτίμημα
459 2707 526 2769 τοῑε
548 2705 844 2784 ἐπιτροπευομένοιε
866 2705 1052 2771 καθεετάναι
1073 2705 1228 2785 νομίζωνς
1261 2703 1345 2782 XLI,
1369 2703 1404 2768 7:
1432 2701 1477 2766 καὶ

256 2807 329 2886 περὶ
350 2807 467 2871 τούτου
490 2807 520 2870 τί
543 2807 583 2871 ἂν
604 2807 650 2872 ἔτι
671 2811 778 2887 μεῖζον
799 2807 1039 2887 ἢίεχυρότερον
1062 2807 1146 2886 ἔχων
1167 2807 1211 2872 εἰ(
1233 2807 1314 2887 ὑμᾶς
1336 2808 1477 2882 κατέετην

256 2911 276 2988 ἢ
299 2909 358 2974 τὸν
379 2909 489 2990 νόμον,
513 2908 550 2974 ὃ(
571 2912 630 2975 οὐκ
652 2911 689 2994 ἐᾷ
711 2910 900 2990 διαρρήδην,
923 2908 982 2975 ὅεα
1003 2931 1048 2974 τι(
1070 2909 1271 2991 ἀπετίμηεεν,
1293 2910 1374 2976 είναι
1396 2909 1477 2974 δίκαι

256 3012 324 3078 οὔτ’
347 3015 456 3079 αὐτοῐε
478 3013 553 3080 οὔτε
574 3017 641 3078 τοῑε
663 3013 886 3094 κληρονόμοιε;
919 3013 1001 3078 Ιοαοί
1023 3012 1078 3088 VI,
1102 3015 1159 3078 36:
1186 3017 1315 3092 μιεθοῦν
1338 3013 1477 3078 ἐκέλευον

256 3117 314 3182 τὸν
345 3115 486 3195 ἄρχοντα
507 3117 583 3182 τοὺε
604 3115 713 3181 οἴκου(
736 3117 780 3181 utut
802 3115 958 3195 ὀρφανῶν
981 3114 1102 3191 ὄντων,
1136 3114 1226 3180 ὅπως
1249 3116 1300 3180 ἐπὶ
1322 3119 1389 3181 τοῑε
1410 3112 1477 3179 τοιί·

256 3240 322 3285 των
344 3219 476 3300 ὀνόματι
495 3220 535 3284 τὰ
557 3221 613 3298 μέν
636 3220 802 3299 μιεθωθείη
825 3222 881 3296 τῆε
904 3217 1020 3294 οὐείαε,
1042 3218 1083 3282 τὰ
1098 3220 1134 3283 δὲ
1149 3217 1369 3296 ἀποτιμήματα
1391 3234 1478 3282 κατα·
1561 3253 1562 3256 =

256 3323 397 3400 κταθείη;
435 3320 467 3386 0.
491 3322 516 3386 1.
540 3320 592 3386 Gr.
617 3322 694 3388 103:
731 3323 781 3386 ιιΔ
811 3321 953 3399 δραχμὰς
979 3320 1159 3385 καθιετάναι
1187 3318 1399 3403 ἀποτ[ί]μημα
1426 3321 1477 3395 τῆς

256 3423 475 3509 μ[ι]Ιεθώεεωε
497 3424 689 3504 ἀξιόχρεων,
719 3426 795 3490 τοὺ(
818 3425 855 3488 δὲ
877 3422 967 3488 ἐντόε
989 3424 1021 3487 Δ
1044 3422 1222 3506 δραχμ[ῶ]ν
1239 3417 1462 3505 ’ἐγευ[ή]τ[ηνί

309 3742 313 3754 .
358 3699 378 3766 ¹)
396 3695 436 3752 De
462 3696 541 3750 rebus
568 3695 601 3750 sd
627 3693 733 3750 decretu
759 3695 959 3764 pertinentibus
985 3695 1018 3750 ef.
1037 3695 1069 3752 0.
1086 3693 1204 3749 Hertelii
1231 3693 1345 3758 librum,
1375 3693 1417 3747 eui
1440 3691 1478 3744 iu·

258 3783 400 3838 scribitur:
414 3781 542 3837 „Studien
555 3797 616 3835 zum
628 3781 761 3836 ettisehen
774 3780 943 3836 Steutsreeht
955 3799 980 3836 u.
994 3779 1252 3845 urkundenresenu,
1272 3777 1388 3834 Vindeb.
1401 3775 1478 3838 187&
1561 3821 1562 3826 ,

256 3871 289 3924 de
306 3869 419 3934 demeto,
436 3867 507 3938 quod
524 3870 683 3935 διααίοωοι,
700 3867 735 3922 ei.
753 3867 897 3936 Droyssen.
916 3870 935 3924 l.
953 3885 975 3922 α.
993 3867 1043 3922 951
1063 3882 1120 3936 sqq.

359 3957 380 4020 ²)
399 3954 418 4010 l.
436 3970 459 4009 ο.
477 3969 502 4023 ρ.
520 3953 579 4010 956.

356 4040 378 4108 ³)
397 4039 474 4105 Quod
490 4040 656 4110 Dreyssenus
677 4038 744 4094 dicit
761 4039 792 4108 (1.
803 4053 828 4096 ο.
845 4055 871 4110 p.
889 4039 960 4107 957).
980 4037 1061 4092 »Wer
1077 4037 1125 4092 des
1142 4037 1189 4092 der
1201 4037 1262 4092 uun
1280 4037 1349 4108 [seit
1367 4035 1392 4090 si
1408 4031 1478 4088 mille

256 4124 365 4180 dueenti
387 4127 495 4181 tuntum
518 4125 569 4179 hee
590 4140 695 4194 quoque
718 4126 806 4178 setute
828 4123 1011 4178 triemrehiem
1028 4122 1224 4192 pmestebent]‚
1249 4139 1277 4176 so
1295 4123 1396 4176 museto
1412 4115 1478 4172 neth
1561 4109 1562 4130 ³

255 4210 315 4266 dem
329 4213 430 4266 Ansetu
448 4227 501 4266 uon
516 4209 588 4265 einer
599 4211 689 4265 Triere
706 4209 756 4264 sui
773 4211 840 4264 uehn
852 4209 963 4264 Telente
979 4208 1086 4274 τίμημα
1104 4207 1133 4260 in
1151 4205 1200 4261 den
1220 4206 1332 4262 Hinden
1350 4203 1396 4259 der
1415 4199 1478 4256 1200

255 4297 416 4366 wenigstens
434 4296 503 4351 3000
515 4295 628 4351 Telente
647 4295 851 4364 Steueruspitel‚
869 4294 894 4348 d.
909 4295 935 4348 h.
949 4293 1025 4348 mehr
1043 4293 1083 4346 uls
1101 4292 1144 4346 die
1162 4291 1256 4346 Hslftu
1273 4292 1318 4346 deu
1332 4289 1478 4347 Gesammt·

255 4387 410 4452 vermtgens
435 4379 577 4436 bsflndiieh
599 4381 672 4450 sein,
698 4395 751 4435 ποι
774 4378 850 4434 nieht
866 4379 933 4433 eben
952 4378 1169 4433 wshrseheinlieh
1188 4379 1245 4432 sein
1262 4376 1377 4442 ἀδήλου,
1403 4375 1432 4428 iu
1449 4385 1477 4425 eo

254 4468 359 4536 aliquid
377 4467 546 4526 auctoritatis
563 4466 649 4520 inesse
665 4467 788 4536 squidem
806 4480 859 4520 non
877 4463 961 4520 eudes
977 4462 1079 4518 infitias
1096 4464 1144 4520 ire.
