3232 5044
652 249 858 314 -13.„

142 459 203 506 nen
224 438 388 522 praeteriri
410 437 515 512 velim,
536 437 720 517 Platonem,
747 435 802 518 qni
823 439 937 502 cuneta
959 437 1124 519 vectigalis
1144 438 1285 503 tollenda
1305 457 1370 502 esse

140 544 273 625 putavit,
296 541 360 620 leg.
373 540 462 616 VIII,
477 541 587 608 850A
607 559 654 622 sq.
679 540 769 624 Γιὲναι
791 545 828 606 δὲ
848 543 907 606 τὸν
921 542 1119 620 βουλόμενον
1133 542 1178 606 εἰς
1193 545 1253 621 τὴν
1267 544 1370 622 μετοί-

138 667 223 724 κηςιν
251 645 301 709 ἐπὶ
330 644 438 723 ῥητοῖς
458 679 502 688 -
522 644 680 722 μετοίκιον
704 646 784 722 μηδὲ
805 645 934 722 (μικρὸν
956 648 1099 708 τελοῦντι
1120 647 1203 723 πλὴν
1224 651 1284 711 τοῦ
1307 667 1368 710 cor·

140 751 282 828 φρονεῖν,
302 749 400 826 μηδὲ
423 746 518 811 ἄλλο
541 747 587 810 οὗ
608 749 726 812 τέλος
747 748 867 812 ἕνεκά
887 766 1000 811 τινος
1023 748 1128 825 ὠνῆς
1148 750 1168 826 ἢ
1191 751 1254 813 καὶ
1276 752 1369 828 πρά·

142 850 269 932 ςεωςιι]
290 850 433 927 sursise,
455 868 495 914 uc
515 848 678 931 inquilinis
699 850 777 928 sius,
800 850 839 914 (Ie
859 867 921 931 qno
935 850 1069 934 agimus,
1090 851 1214 934 generis
1231 851 1368 936 vectigal

142 953 363 1036 iniungeretur.

241 1055 386 1120 Primum
407 1073 480 1119 vcro
501 1074 539 1120 cx
559 1055 681 1139 titulis,
715 1073 792 1137 qnos
817 1075 913 1138 supra
938 1056 1075 1139 protuli,
1109 1057 1142 1120 id
1174 1057 1368 1138 compertum

138 1161 299 1241 habemns,
321 1175 382 1223 non
402 1160 515 1236 solnm,
538 1177 610 1224 mm
631 1160 700 1241 quis
721 1161 803 1225 bona
817 1158 945 1241 publica
957 1161 1078 1238 emerit
1100 1162 1156 1225 sed
1170 1161 1275 1242 etium,
1298 1177 1369 1224 cum

139 1282 176 1329 ea
197 1261 386 1344 conduxerit,
409 1262 482 1326 hnic
503 1262 650 1344 vectigali
671 1281 742 1327 eum
766 1263 953 1327 adstrictum
975 1281 1057 1342 esse,
1080 1281 1139 1327 nec
1159 1266 1277 1327 temere
1297 1280 1368 1326 sus-

140 1365 239 1448 picari
261 1366 402 1430 ridemur
424 1365 549 1430 mdem
568 1365 656 1448 loges
677 1365 716 1429 de
738 1365 827 1430 bouis
847 1364 981 1446 privatis
1003 1365 1147 1430 valuisse.

241 1468 381 1551 Denique
407 1469 580 1533 Kochlerus
612 1467 756 1532 omnibns
789 1467 865 1532 locis
900 1467 1063 1551 perpensis
1095 1472 1180 1533 recte
1208 1468 1368 1534 contendit

138 1571 273 1656 vectigal
294 1573 397 1653 priore
418 1573 521 1636 aetate
541 1571 590 1635 ita
610 1589 677 1635 esse
699 1571 928 1652 computatum,
957 1576 994 1636 nt
1015 1589 1070 1655 pro
1093 1573 1187 1652 pretii
1210 1571 1367 1636 drachmis

140 1675 224 1739 1-4
245 1675 363 1753 obolus,
386 1693 442 1756 pro
463 1674 620 1739 drachmis
642 1673 752 1740 5—50
771 1673 935 1755 triobolus,
957 1694 1014 1758 prc
1036 1674 1196 1740 drachmis
1216 1675 1368 1740 50-100

139 1797 202 1842 una
222 1778 369 1843 drachma
390 1781 585 1859 pmduetur.

240 1937 270 2014 ξ.
295 1933 325 1998 3.
373 1931 492 1996 Similis
514 1931 645 1996 rationis
666 1931 834 2015 vectigalia
855 1935 1043 2014 praestanda
1063 1931 1209 2014 inerunt,
1242 1931 1269 1994 si
1297 1931 1366 2013 quis

138 2033 171 2098 in
192 2036 309 2118 templo
333 2036 439 2118 aliquo
461 2036 694 2101 sacrificaturus
716 2036 767 2099 vel
788 2035 815 2098 si
836 2037 929 2100 litem
950 2036 1153 2101 instituturus
1176 2036 1253 2099 erat.
1459 2024 1462 2030 ’

237 2139 284 2203 De
311 2137 424 2221 prioris
456 2139 578 2220 generis
612 2137 818 2222 vectigalibus
846 2138 880 2202 in
903 2140 1086 2204 universnm
1108 2159 1125 2203 e
1148 2136 1364 2204 Demosthenis

136 2241 302 2323 Leptineae
324 2242 400 2317 loco,
423 2258 483 2324 quo
505 2245 606 2306 orator
621 2242 660 2306 de
675 2259 832 2306 sacrorum
847 2242 1050 2307 immunitate
1065 2241 1207 2323 disputat
1216 2240 1249 2318 ¹),
1273 2244 1367 2322 etque

137 2362 175 2410 ex
196 2344 414 2409 Plothensinm
442 2347 562 2411 decreto
596 2345 826 2428 cognoscimus,
860 2364 920 2428 quc
948 2362 1004 2428 prc
1032 2346 1164 2430 paganis
1188 2343 1364 2410 execratio

137 2449 296 2512 communi
325 2449 471 2529 pecuniae
498 2449 592 2531 pendi
620 2451 720 2514 iussae
748 2453 821 2514 sunt
850 2449 889 2515 ad
912 2449 1065 2514 sacrificia
1087 2451 1119 2514 in
1142 2451 1364 2515 nonnullorum

135 2569 289 2636 pagorum
313 2553 362 2616 vel
383 2553 469 2617 urbis
490 2552 588 2634 ipsius
610 2553 697 2617 feriis
725 2551 916 2636 sciendas,
950 2556 1002 2619 sed
1035 2555 1210 2618 accuratius
1243 2553 1365 2618 decreto

137 2673 306 2738 orgecnum
328 2657 488 2738 docemur,
518 2675 578 2738 quc
600 2656 791 2722 consitutum
813 2658 874 2738 eet,
902 2658 1028 2739 quantis
1050 2658 1204 2738 pecuum,
1228 2658 1365 2738 quinon

139 2929 208 2997 qnod
231 2945 312 2998 supra
335 2929 517 2996 exposuimus,
543 2929 687 2997 posteriore
705 2931 808 2996 aetate,
836 2930 912 2984 cuius
929 2929 1013 2983 etiarn
1031 2929 1075 2983 hic
1091 2930 1192 2983 titulus
1211 2933 1252 2983 est
1271 2931 1364 2995 (altero

139 3015 234 3068 saeculi
245 3015 286 3068 IV
300 3032 324 3068 a
336 3014 399 3068 Chr.
410 3031 438 3066 n.
449 3014 563 3068 dimidio
574 3018 716 3079 exaratus),
736 3016 959 3085 quinquagesima
969 3015 1066 3077 fuerit;
1086 3017 1180 3069 deinde
1192 3017 1247 3070 alin
1259 3017 1363 3070 ratione

139 3103 260 3168 pecunias
278 3102 308 3154 iu
325 3101 375 3154 huc
397 3101 571 3169 inscriptione
593 3103 761 3169 computatae
785 3118 842 3154 esse
859 3101 977 3154 efficitur
993 3117 1033 3154 rs
1051 3103 1069 3154 3
1087 3103 1248 3167 (Ἑκατοςτὴ
1270 3101 1362 3168 mm,
1427 3091 1433 3100 '

142 3184 189 3238 ubi
215 3190 323 3254 quartae
349 3185 422 3239 oboli
448 3191 538 3254 partes
564 3189 682 3251 entant,
710 3203 770 3240 cnm
787 3187 817 3240 in
834 3187 895 3240 sliis
918 3187 974 3240 illis
996 3187 1087 3240 titulis
1110 3187 1187 3240 obolo
1205 3203 1259 3240 ucn
1275 3188 1364 3240 minor

141 3273 272 3327 referatur
293 3289 428 3326 nummus.
457 3271 626 3341 Quamquam
648 3287 724 3337 vero,
751 3288 804 3341 quc
827 3273 950 3326 cautione
972 3287 1038 3341 opus
1056 3275 1098 3326 est
1114 3273 1145 3325 in
1162 3271 1364 3340 quaestionibus

137 3359 171 3414 ed
187 3360 365 3428 antiquitates
382 3358 496 3414 Graecas
522 3360 732 3428 pertinentibus,
758 3360 826 3414 certi
852 3359 955 3428 aliquid
977 3359 1010 3413 de
1027 3360 1077 3414 hac
1094 3376 1122 3412 re
1139 3359 1285 3414 diiudicare
1306 3377 1362 3415 non

136 3447 231 3513 audeo,
248 3449 339 3499 tamen
356 3445 481 3514 profiteor
497 3445 546 3500 has
563 3446 739 3501 difficultates
755 3446 824 3500 mihi
842 3447 951 3515 quidem
968 3461 1023 3500 non
1041 3448 1133 3499 tantas
1151 3445 1247 3510 rideri,
1264 3447 1363 3516 quibus

134 3532 327 3602 impediamur,
344 3548 378 3584 ne
396 3532 428 3584 de
446 3533 537 3584 eedem
554 3535 667 3600 pecuniae
684 3535 765 3601 atque
782 3533 813 3586 in
829 3533 892 3586 aliis
909 3533 1130 3602 inscriptionibus
1147 3533 1197 3586 hcc
1215 3533 1298 3588 titulo
1316 3533 1364 3601 agi

134 3620 295 3671 statuamus.
313 3617 436 3671 Ceterum
448 3633 463 3670 o
474 3632 537 3672 voce
554 3620 726 3686 ἐπιμελητοῦ
744 3619 838 3688 qunst,
856 3619 1034 3672 sodalitatem
1045 3620 1211 3688 quarundam
1227 3620 1362 3671 curatores

133 3703 315 3770 possessiones
332 3719 425 3756 aarum
443 3705 550 3758 nomine
567 3705 726 3760 vendidisse
745 3705 787 3759 Of.
805 3705 946 3774 praecipue
963 3705 1085 3774 Rsngec
1097 3706 1192 3774 Antiq.
1211 3703 1362 3771 Helleniqn.

133 3791 180 3843 tit.
196 3787 260 3844 878.

238 3879 259 3941 ¹)
277 3879 301 3940 i·
322 3875 372 3930 1²5
390 3889 446 3944 flii·

238 3961 259 4026 ²>
278 3961 307 4015 0.
324 3961 347 4014 I
365 3963 397 4013 A.
415 3961 449 4026 Π,
468 3962 527 4026 570,
545 3963 580 4017 28
598 3979 668 4033 sqq.;
692 3963 819 4018 similiter
836 3963 866 4015 iu
885 3963 948 4016 aliis
970 3977 1076 4032 quoqne
1098 3960 1254 4016 ciuitatibus
1275 3975 1363 4013 resse

132 4045 240 4112 habuit,
258 4047 334 4100 velut
350 4047 379 4100 in
390 4047 523 4102 Messenia
534 4048 674 4103 Oechaliae
692 4049 770 4118 [spo.
788 4047 860 4106 arch.
873 4048 964 4115 (Areh.
976 4048 1055 4113 Zeis)
1066 4048 1131 4102 XVI
1144 4049 1234 4114 (1858)
1252 4063 1277 4114 p.
1289 4047 1362 4100 251*

133 4148 190 4201 sqq.
203 4148 243 4186 rs.
256 4131 289 4185 71
305 4148 363 4201 sqq.
383 4135 508 4188 »τῶνδὲ
527 4137 684 4203 διαφόρων,
699 4134 705 4206 Ι
720 4135 782 4203 ὅςζο
800 4137 857 4187 καὶ
875 4134 907 4188 οἱ
925 4137 1075 4190 θύοντες
1092 4137 1173 4188 ποτὶ
1191 4138 1233 4202 τᾷ
1251 4133 1363 4201 κράνᾳ

132 4217 364 4285 προτίθηντι,
382 4221 401 4285 ἢ
420 4219 459 4273 εἰς
477 4222 530 4274 τὸν
549 4223 705 4290 θηςαυρὸν,
724 4223 795 4275 ὅταν
813 4225 1046 4285 καταςκευαςθεῖ,
1064 4222 1239 4286 ὲμβάλωντι,
1256 4221 1361 4284 λαμβα-

132 4305 209 4358 νέτω
223 4306 291 4360 Μνα
307 4306 312 4374 Ι
329 4303 474 4374 <turparet
492 4307 526 4360 τὸ
543 4307 641 4374 τρίτον
661 4308 744 4376 μέρος
757 4306 801 4372 (cf.
813 4322 852 4359 rs.
863 4307 899 4360 45
910 4322 968 4375 sqq.
977 4329 1011 4353 =
1020 4306 1058 4359 Le
1069 4305 1122 4358 Bas
1134 4307 1161 4358 et
1172 4305 1361 4373 Weddingtcn.

134 4389 329 4458 „Inscriptionr
347 4405 473 4458 grecqnes
490 4394 518 4444 et
528 4393 643 4446 latinese
662 4396 732 4461 part
743 4391 781 4456 Π,
800 4393 864 4446 sect
876 4391 903 4456 5,
920 4391 966 4446 tit.
983 4393 1035 4446 326
1045 4396 1087 4458 ο),
1106 4390 1188 4460 Cypri
1207 4389 1254 4460 [Le
1265 4389 1317 4444 Bas
1335 4393 1363 4443 et

133 4473 329 4544 Wsddiugton.
347 4479 417 4544 pert.
436 4475 497 4543 VII,
514 4478 560 4532 tit.
577 4477 647 4533 2779
665 4494 703 4532 rs.
721 4477 737 4530 ἵ
756 4491 826 4546 sqq:
