3232 5044
500 168 509 187 α
540 166 550 186 0

864 198 903 232 Α..

439 256 449 274 .
478 243 730 292 .ι.ο.οο.ο.ειο;
775 235 836 289 εὖ
904 245 910 255 -

426 282 552 339 :2:²02
569 280 628 331 αὖ.
658 275 730 326 ⁸⁰²0
753 272 874 346 ῥισὶ),
895 285 944 332 J..

440 336 449 352 ο
520 327 662 368 ⁸·‚⁸‚·,⁸
703 332 807 358 ,seen
884 331 888 345 ¹

226 461 362 540 Πειραιᾶ
390 460 536 540 φορτίων
566 461 618 524 καὶ
647 459 864 539 ἀνδραπόδων
894 460 930 526 ἐκ
950 465 1007 540 τῆς
1034 460 1217 542 ἀλλοδαπῆς
1244 465 1457 543 πεντηκοςιὴν

228 563 358 628 ἐτέλουν
380 563 411 628 oi
437 562 572 643 ἔμποροι
600 564 651 628 καί
681 566 778 628 τοῦτο
809 563 951 628 ἐκαλεῖτο
980 566 1308 644 πεντηκοςτειίεςθαιν,
1341 565 1392 631 vol
1419 566 1457 632 da

229 664 378 747 uectigali
411 682 570 730 serrorum
605 667 782 748 emptorum
813 665 1027 732 locatorumve
1057 668 1244 750 cogitemus,
1278 685 1340 732 non
1368 668 1458 734 illam

228 785 355 832 oausam
388 765 512 832 obstare
544 766 693 846 arbitror,
727 785 822 850 quam
850 766 1028 834 Boookhius
1062 769 1194 853 protulit
1225 769 1331 836 dicens
1363 770 1457 837 huius

227 872 350 956 generis
380 871 526 953 pecunias
557 871 695 955 ineptius
728 871 910 954 scriptorem
943 872 1194 956 significaturum
1226 873 1323 939 fuisso
1355 873 1457 940 uerbis

229 977 287 1041 τιτὸ
314 977 405 1041 τέλος
432 977 498 1040 τῶν
527 973 781 1053 ἀνδραπόδωνιι,
812 973 925 1056 quippe
952 993 1039 1053 cum,
1075 975 1242 1041 dummodo
1271 975 1330 1040 hoc
1357 995 1457 1042 enun-

226 1079 342 1143 tiatum
371 1077 411 1143 ad
439 1075 608 1162 vectigalia
637 1074 692 1142 illa
720 1075 831 1141 referri
860 1076 971 1155 liceat,
1005 1095 1079 1143 sane
1111 1094 1173 1142 non
1203 1077 1347 1157 intersit,
1380 1098 1457 1144 num

225 1181 347 1246 dicatur
368 1181 407 1245 τὸ
429 1181 521 1245 τέλος
548 1183 614 1244 τῶν
642 1178 859 1260 ἀνδραπόδων
881 1198 921 1244 an
942 1181 963 1258 ἡ
985 1182 1177 1260 πεντηκοςτὴ
1207 1185 1273 1245 τῶν
1294 1182 1456 1261 ἀνδραπό-

225 1289 294 1350 δων
317 1283 368 1366 [τὸ
391 1284 482 1348 τέλος
508 1286 573 1347 τῶν
603 1281 821 1362 ἀνδραπόδων
848 1281 1069 1368 εἰςαχθέντων]
1093 1283 1143 1347 vel
1164 1286 1203 1350 τὸ
1226 1285 1364 1351 ἐπώνιον
1391 1288 1457 1351 τῶν

224 1387 442 1466 ἀνδραπόδων
465 1385 516 1469 [τὸ
539 1387 631 1452 τέλος
657 1389 723 1450 τῶν
749 1384 967 1464 ἀνδραπόδων
990 1387 1210 1472 ὠνηθέντων];
1244 1387 1299 1452 sed
1321 1407 1361 1452 ne
1381 1387 1457 1454 haec

224 1507 352 1566 vocum,
374 1488 413 1553 de
436 1507 569 1572 quarum
591 1506 685 1554 sensu
706 1489 920 1570 disputamus,
946 1488 1163 1572 interpretatio
1186 1489 1275 1554 nobis
1297 1490 1454 1574 probetur,

224 1595 258 1657 in
273 1591 341 1657 loco
363 1590 432 1674 ipso
453 1590 593 1674 positum
615 1593 673 1671 ost,
696 1608 791 1674 quam
813 1589 853 1656 ob
875 1608 943 1655 rem
964 1609 1027 1656 non
1048 1609 1166 1671 uereor,
1189 1611 1228 1657 ne
1249 1591 1368 1675 legenti
1389 1593 1456 1658 tae·

226 1695 313 1760 dium
336 1694 500 1759 adlaturus
522 1692 593 1773 sim,
617 1711 689 1759 cnm
712 1692 840 1759 uberius
861 1693 994 1758 tractem
1016 1695 1054 1759 de
1076 1693 1133 1760 hac
1154 1695 1320 1760 sententia.

324 1797 468 1862 Primum
489 1815 694 1880 quamquam,
726 1796 754 1861 si
775 1795 906 1861 verbum
930 1816 966 1862 ex
989 1797 1080 1862 verbo
1104 1798 1275 1881 exprimere
1297 1800 1454 1880 volumus,

224 1902 348 1966 conlato
371 1901 447 1979 loco,
471 1901 524 1983 qui
550 1902 606 1965 nde
621 1899 754 1983 vestiga
779 1900 841 1984 I,'l
865 1900 982 1965 exstat:
1008 1903 1078 1966 ικαὶ
1100 1903 1181 1967 κατὰ
1202 1907 1262 1982 γῆν
1284 1905 1321 1970 δέ
1336 1904 1456 1969 πολλὰς

224 2006 350 2084 δέχεται
377 2004 548 2085 έμπορίαςιι
575 1989 732 2069 Dindorfio
755 2002 906 2068 adsentiri
928 2002 1076 2068 debemus
1099 2004 1148 2086 [in
1170 2004 1241 2069 adn.
1266 2007 1306 2070 ed
1328 2006 1359 2069 h.
1382 2006 1419 2088 l.]
1429 2005 1452 2088 ¹)

225 2107 407 2172 defendenti
439 2105 547 2172 verba:
585 2105 654 2172 edu
685 2108 723 2172 δὲ
756 2107 878 2174 δέξεται
909 2107 1126 2172 πολλαπλάςια
1159 2108 1302 2174 τούτωνιι
1338 2108 1456 2191 ορίίωο

224 2209 393 2276 reddidisse
414 2208 652 2275 Leonclavinm:
690 2209 801 2290 alonge
833 2209 906 2291 plns
940 2210 1138 2291 accepturam
1170 2227 1235 2275 rem
1265 2211 1455 2293 publicane,

224 2313 408 2397 praesertim
431 2331 504 2377 cum
525 2331 586 2378 non
609 2312 746 2398 longius,
776 2331 870 2397 quam
892 2315 928 2377 ut
952 2314 1080 2379 ιιτιόλιςιι
1105 2313 1281 2379 subiectum
1303 2313 1456 2381 habeatnr

224 2416 313 2482 verbi
342 2418 478 2493 δέξεται,
511 2416 668 2480 sententia
692 2417 829 2486 ιιέξέςται
855 2420 893 2500 τῇ
923 2417 1013 2482 πόλει
1035 2421 1166 2496 χρῆςθαι
1191 2419 1234 2500 (ς.
1256 2418 1333 2500 24)α
1364 2439 1455 2503 prae·

226 2520 331 2599 cedat,
356 2520 461 2584 tamen
484 2520 512 2583 si
535 2520 696 2584 enuntiata
718 2520 969 2600 considerantur,
992 2539 1071 2603 quae
1093 2520 1186 2603 paulo
1209 2522 1281 2603 post
1302 2521 1453 2605 legimus:

229 2627 398 2702 ιιμοιρτυρεῑ
419 2624 455 2687 δέ
477 2621 613 2699 κάκεῖνο,
637 2622 686 2687 ότι
708 2623 919 2703 εἰργαςμένων
941 2623 1123 2703 ἀνθρώπων
1138 2625 1173 2688 ἐν
1188 2629 1254 2688 τοῖς
1276 2623 1454 2702 ἀργυρείοις

225 2725 327 2809 ἐντῷ
355 2726 449 2789 παντὶ
476 2725 583 2810 χρόνῳ
612 2724 834 2804 ἀναριθμήτων
863 2731 932 2791 νῦν
961 2727 1082 2790 οὐδὲν
1112 2727 1295 2804 διαφέρει
1323 2726 1369 2790 τὰ
1392 2725 1453 2805 ἀρ-

224 2827 361 2905 γύρεια
389 2829 409 2906 ἣ
440 2826 520 2891 dol
549 2829 750 2906 πρόγονοι
779 2829 886 2908 ἡμῶν
916 2828 1011 2892 ὄντα
1041 2827 1315 2906 ἐμνημόνευον
1345 2829 1452 2893 αὐτά.

227 2929 334 3013 (5.26)
359 2931 411 2994 καὶ
433 2930 473 2994 τὰ
487 2934 546 2994 νῦν
560 2933 597 2996 δέ
612 2931 781 3010 γιγνόμενα
802 2931 906 2996 πάντα·
928 2933 1088 3009 μαρτυρεῖ,
1112 2928 1175 2993 ὅτι
1196 2929 1267 2994 οὐκ
1290 2929 1335 2994 ἀν
1356 2951 1454 2996 ποτε

224 3033 344 3097 πλείω
368 3031 607 3111 ἀνδράποδα
629 3031 1035 3112 έκεῑγένοιτοῆὅςων
1056 3031 1102 3097 ἂν
1121 3032 1166 3096 τὰ
1189 3032 1285 3111 ἔργα
1307 3035 1452 3111 δέηται.

222 3135 298 3200 οὔτε
326 3136 387 3214 γὰρ
417 3136 537 3215 βάθους
565 3138 664 3217 πέρας
691 3137 766 3202 οὔτε
788 3135 962 3215 ὑπονόμων
985 3135 1017 3200 οί
1040 3133 1229 3214 ὀρύττοντες
1251 3135 1454 3214 εὑρίςκουςιιι,

224 3237 333 3321 nequit
368 3238 456 3302 nobis
485 3237 519 3302 in
548 3237 642 3304 dubio
676 3259 757 3317 esse,
791 3239 866 3321 quin
901 3238 1136 3320 explicationem
1159 3258 1177 3304 a
1200 3238 1356 3304 Boeclxhio
1388 3239 1456 3304 iam

225 3342 347 3420 pridem
368 3340 484 3406 factam
508 3341 644 3424 amplexi
666 3341 793 3406 vocibus
815 3341 880 3405 illis
901 3340 985 3404 hunc
1006 3359 1131 3405 sensum
1154 3343 1294 3422 oporteat
1316 3341 1453 3406 subicia-

224 3461 310 3510 mus:
347 3444 464 3510 „molto
490 3445 599 3524 plures
628 3445 725 3510 etium
755 3461 855 3507 seroos
876 3443 914 3505 o'c
935 3441 1074 3506 montoir
1102 3443 1299 3525 orpeotorc'is
1328 3430 1455 3525 operari

218 3565 312 3626 posse
334 3546 544 3627 testabuntur,
569 3549 719 3631 quotquot
740 3545 949 3623 meminerint,
972 3548 1088 3626 quanta
1102 3545 1270 3626 vectigalia
1284 3566 1339 3628 pro
1356 3545 1454 3612 servis

224 3650 297 3714 ante
312 3649 431 3716 bellum
446 3650 628 3715 Decelicum
643 3667 738 3731 pensa
753 3648 853 3730 sintc3
877 3649 996 3713 duabus
1012 3648 1096 3712 enim
1112 3647 1161 3711 his
1177 3650 1341 3714 sententiis
1356 3652 1453 3730 scrip-

224 3756 274 3816 tor
296 3735 333 3852 οξ,
357 3755 410 3835 qui
432 3755 536 3836 plures
558 3754 700 3831 fortasse,
730 3769 826 3834 quam
848 3750 961 3833 quibus
984 3768 1061 3832 opus
1084 3751 1136 3830 sit,
1161 3770 1266 3818 servos
1289 3753 1322 3816 in
1345 3769 1452 3834 operas

224 3839 355 3932 miserim
376 3857 416 3922 iri
440 3856 675 3932 contradixerit,
700 3855 886 3938 respondens
908 3855 1109 3920 metallorum
1131 3856 1318 3932 ubertatem,
1344 3873 1453 3937 quam·

224 3943 331 4041 quam·
350 3963 499 4042 perpetuo
522 3977 541 4023 a
562 3955 672 4022 multis
704 3957 883 4022 homiuibus
913 3956 1049 4022 exercita
1078 3957 1155 4034 sint,
1189 3961 1276 4022 tanto
1307 3958 1454 4040 temporis

223 4061 323 4142 spatio
351 4062 432 4126 nihil
460 4061 653 4128 deminutam
681 4081 737 4127 nec
759 4065 828 4127 tum
850 4062 976 4144 quidem
998 4061 1100 4126 ullam
1122 4079 1249 4144 specum
1272 4061 1454 4125 exhaustam

224 4183 290 4229 esse
324 4166 470 4232 declarat.
514 4163 597 4243 Quid
629 4183 700 4230 vero
735 4167 845 4245 annui,
880 4168 961 4248 quod
992 4186 1028 4232 ex
1057 4166 1154 4232 seruis
1187 4163 1365 4229 advecticiis
1399 4164 1454 4224 aut

225 4268 337 4351 emptis
360 4268 508 4333 locatisre
531 4267 641 4334 civitas
664 4271 795 4352 ceperat,
818 4268 983 4351 vectigalis
1006 4284 1128 4333 summa
1142 4267 1266 4332 rettulit
1281 4265 1321 4331 ed
1336 4262 1453 4329 diiudi-

1115 4367 1130 4404 0

329 4491 350 4552 ¹)
385 4487 459 4602 Editi
477 4489 585 4556 (Oxonii
603 4489 681 4554 1866)
700 4505 724 4558 p.
743 4489 788 4544 80.
