3232 5044
771 287 977 353 ..13-

260 475 444 559 praesertim
461 494 533 540 oum
549 480 579 540 at
595 496 612 540 e
628 475 817 558 scriptorum
831 476 906 540 locis
925 475 979 557 (cf.
994 477 1090 540 Isocr.
1107 475 1210 552 XVII,
1222 474 1276 557 41)
1295 478 1327 540 et
1341 494 1358 539 e
1374 475 1488 552 titulis,

261 579 372 660 quibus
394 577 519 644 isctelie
540 578 712 663 peregrinis
735 578 877 659 donatur,
901 578 1107 660 acceperimus
1130 577 1225 643 etiam
1244 580 1277 642 in
1291 580 1428 660 pecuniis
1450 579 1488 643 ad
1605 589 1606 592 ’

260 679 338 745 belli
364 699 456 746 usum
486 682 642 763 exigendis
664 683 806 748 accurate
828 681 1033 748 Athenienses
1063 681 1238 747 distinxisse
1265 681 1488 763 inquilinorum
1605 723 1606 758 ,

264 784 438 866 civiumque
461 784 581 851 tributa
606 784 657 866 (of.
681 783 810 850 011.
830 785 866 850 ‘II
890 786 960 860 121,
982 785 1024 850 27
1047 804 1092 867 sq.
1117 783 1178 872 [Ol.
1204 786 1275 860 110,
1298 787 1380 851 32>
1391 786 1487 869 33817
1605 775 1606 800 ³

263 905 291 952 a.
314 884 384 952 Chr.
408 884 468 973 n.]:
1038 889 1089 952 καί
1104 889 1161 953 τὰς
1176 888 1336 968 εἰςφομὰς,

431 990 502 1073 [ἐάν
524 990 618 1073 τινες]
642 988 861 1073 γ[ίγ]ν[ωνται,
884 990 976 1073 μ]ετὰ
991 990 1167 1068 Ἀθηναίων
1182 991 1336 1070 εἰςφέρειν
1374 1047 1376 1050 ,

261 1095 292 1157 et
307 1093 340 1156 11
358 1093 427 1172 176,
445 1093 486 1156 30
501 1110 566 1174 sqq.
585 1091 648 1174 [01.
667 1093 738 1169 112,
754 1093 775 1156 3
792 1121 829 1148 z
848 1091 1000 1178 330s291:

633 1196 851 1274 ςτρατεάεςθαι
874 1196 973 1260 αὐτὸν
995 1198 1052 1260 τὰς

634 1298 778 1376 ςτρατιὰς
800 1300 850 1362 καὶ
873 1299 929 1362 τὰς
951 1299 1102 1378 εἰςφορὰς

637 1401 792 1480 εἰςφέρειν
814 1396 891 1480 με’τὰ
914 1401 1097 1478 Ἀθηναίων.
1605 1461 1606 1476 ,

262 1505 369 1587 Neque
391 1502 557 1585 quicquum
581 1505 669 1568 Dem.
686 1503 754 1576 XX,
773 1503 810 1566 11
836 1521 899 1584 sq:
927 1505 1088 1578 ιλέγονται
1111 1496 1249 1582 χρήμαθ’.
1266 1505 1297 1568 οἱ
1319 1505 1488 1582 τριάκοντα

262 1609 457 1675 δανείςαςθαι
481 1606 568 1684 παρὰ
584 1605 839 1683 Λακεδαιμονίων
862 1607 911 1670 ἐπὶ
935 1607 1009 1670 τοὺς
1032 1607 1067 1670 ἐν
1088 1605 1236 1684 Πειραιεῖ.
1261 1643 1303 1653 —
1325 1607 1431 1682 λόγων
1453 1610 1489 1671 δὲ
1605 1691 1606 1696 ¹

261 1713 456 1791 γιγνομένων
489 1709 539 1772 καὶ
573 1711 638 1771 τῶν
668 1711 725 1786 μὲν
754 1710 831 1772 τούς
861 1711 1100 1788 δανειςαμένοος
1135 1709 1312 1774 ἀποδοῦναι
1345 1709 1488 1774 κελευόν-
1605 1707 1606 1720 ’

263 1815 355 1891 των,
373 1815 448 1878 τοὺς
471 1813 503 1878 ἐξ
527 1811 652 1887 άςτεος,
681 1815 746 1875 τῶν
768 1814 805 1876 δὲ
828 1817 923 1876 τοῦτο
951 1817 1080 1891 πρῶτον
1102 1813 1238 1891 ὑπάρξαι
1260 1817 1316 1891 τῆς
1338 1814 1489 1893 ὁμονοίας

133 1913 136 1925 ’
264 1922 389 1997 ςημεῖον
411 1915 597 1990 ἀξιούντων,
619 1919 707 1996 κοινῇ
730 1916 870 1979 διαλύται
892 1915 932 1978 τά
947 1916 1100 1993 χρήματα,
1123 1919 1199 1994 φαςὶ
1221 1918 1280 1980 τὸν
1302 1921 1404 1996 δῆμον
1425 1917 1489 1982 ἑλέ-

246 1964 329 2086 ζθαι
352 2021 592 2094 ςυνειςενενκεῐν
615 2017 715 2082 αὐτὸν
738 2018 788 2081 καὶ
810 2021 1048 2096 μεταςχεῑντῆς
1070 2019 1223 2096 δαπάνης,
1246 2018 1325 2084 uere
1347 2021 1388 2099 μὴ
1403 2023 1490 2085 λῦται

261 2129 326 2188 τῶν
348 2122 602 2201 ὡμολογημένων
624 2121 739 2198 μηδένα
764 2119 947 2194 sententiae,
978 2138 1071 2200 quam
1093 2120 1184 2184 modo
1206 2121 1336 2203 protuli,
1371 2122 1489 2202 obstat3

262 2243 337 2289 nam
363 2222 528 2288 insolitum
552 2223 609 2286 hoc
631 2222 788 2286 tributum
810 2223 906 2286 fuisse
935 2221 1092 2287 neminem
1122 2223 1236 2307 fugiet,
1271 2228 1364 2306 etque
1397 2245 1490 2308 quam

265 2327 329 2391 veri
353 2325 550 2390 simillimum
574 2326 637 2402 est,
662 2326 695 2389 iu
718 2323 835 2399 causis,
860 2344 990 2407 querum
1013 2329 1130 2392 unuin
1153 2327 1208 2392 illo
1231 2329 1324 2394 titulo
1347 2328 1489 2408 refertur,
1605 2347 1606 2354 ¹

264 2429 347 2494 cives
371 2429 493 2494 decreto
516 2432 658 2495 evocatos
681 2447 738 2494 sue
760 2434 870 2511 sponte
893 2431 1037 2510 pecunias
1060 2431 1228 2497 contulisse
1240 2431 1274 2516 ¹).

364 2531 513 2597 Inferiore
539 2533 663 2597 demum
691 2535 793 2596 aetate
822 2535 852 2594 et
881 2534 1018 2614 tempore
1041 2533 1181 2615 quidem,
1215 2553 1287 2599 cum
1309 2535 1490 2600 Macedones
1605 2557 1606 2570 ³

265 2633 395 2698 Graecia
422 2635 488 2698 iem
516 2635 610 2716 potiti
633 2638 751 2713 essent,
786 2634 879 2698 aliter
902 2654 967 2699 rem
990 2653 1022 2698 se
1043 2634 1189 2700 habuisse
1211 2655 1247 2699 ex
1275 2637 1357 2699 hisce
1392 2635 1489 2710 tituli,

263 2737 316 2819 qui
345 2738 451 2800 Herm.
480 2736 523 2814 ΙΙ,
550 2739 612 2802 160
641 2738 741 2802 editus
770 2739 831 2815 est,
866 2738 967 2803 verbis
996 2739 1110 2802 conicio
1134 2739 1192 2819 (vs.
1216 2737 1259 2802 25
1287 2739 1383 2820 sqq.):
1419 2735 1488 2820 ἐὰλν

263 2841 299 2904 δέ
321 2839 393 2922 [τις]
417 2840 550 2920 εἰςφορὰ
583 2840 722 2917 γίγνηται
744 2842 763 2920 ἢ
788 2839 882 2905 ἄλλο
905 2861 939 2903 τι
962 2838 1188 2918 ἀπ...ςιςμα
1220 2839 1360 2924 τρόξπῳ
1395 2839 1488 2923 ὁτῳ-

267 2947 354 3017 οῦν,
373 2943 528 3022 εἰςφέρειν
550 2943 710 3022 Εὐκράτην
733 2944 812 3008 κατὰ
835 2945 872 3008 τὸ
895 2944 1009 3021 τίμημα
1030 2941 1112 3026 κα10’
1136 2941 1215 3006 ἑπτά
1238 2947 1324 3021 μνᾶς.
1348 2943 1432 3008 Θεοί.
1450 2977 1490 2988 -

263 3044 302 3110 Iu
326 3046 466 3112 eiusdem
490 3065 560 3112 vere
583 3047 705 3131 generis
727 3045 930 3128 inscriptione
953 3044 1041 3128 (0.1.
1059 3043 1192 3128 (ires),
1215 3064 1293 3128 quae
1315 3045 1491 3125 01.108‚4

267 3149 343 3224 (345
365 3167 391 3212 a.
408 3147 479 3212 Chr.
496 3151 540 3230 n.)
566 3148 766 3214 adscribenda
791 3153 853 3229 eet,
876 3148 964 3214 nulla
987 3148 1053 3213 eius
1075 3150 1159 3214 modi
1181 3147 1381 3230 pecuniarum
1402 3166 1489 3212 men·

264 3253 309 3317 tio
330 3251 375 3315 fit.

205 3533 207 3539 ,
266 3472 316 3540 (ed.
330 3472 433 3540 Biass);
451 3471 510 3540 Lys.
525 3471 585 3537 VII,
602 3472 649 3537 313
668 3470 739 3536 XIX,
752 3469 785 3524 57
804 3469 847 3535 (cf.
865 3467 965 3533 XVIII,
978 3469 1018 3535 7);
1037 3467 1119 3533 XXX,
1139 3469 1185 3533 26;
1204 3469 1274 3522 isaei
1287 3469 1318 3535 V,
1336 3471 1378 3532 37,
1396 3471 1438 3534 41,
1456 3471 1491 3524 43

266 3558 311 3628 (ci
323 3557 368 3620 IV,
381 3558 415 3611 27
429 3559 457 3610 et
469 3557 528 3622 29);
547 3557 626 3610 Isocr.
638 3555 697 3620 XV,
711 3556 769 3610 145.
788 3553 840 3607 Sed
857 3553 953 3618 nescio,
971 3569 1006 3607 an
1020 3555 1049 3606 in
1063 3555 1209 3608 sententia:
1229 3554 1378 3624 »[ἐΙπ1ειδὴ
1392 3556 1491 3610 Νίκαν-

264 3647 331 3714 δρας
355 3647 542 3712 Ἀντιφάνους
568 3646 662 3698 Ἰλιεὺς
688 3645 734 3695 καὶ
760 3640 964 3709 Πολάζληλλμς
987 3641 1218 3707 Ἀπολλοφάνους
1235 3641 1359 3707 Ἐφὲςιος
1387 3641 1485 3710 ctare-i

265 3733 410 3786 τελέκαςιν
428 3733 460 3786 ἑν
479 3731 599 3802 [chauri
622 3735 664 3798 τῷ
688 3733 778 3796 καιρῷ
806 3729 906 3782 εὔνους
932 3728 1015 3782 ὄντες
1032 3732 1075 3796 τῷ
1094 3727 1176 3794 δήμῳ
1195 3733 1237 3795 τῷ
1255 3725 1427 3797 Ἀθηλναίιαν
1445 3729 1492 3781 καὶ

263 3824 464 3874 κατοικοῦντες
481 3818 631 3884 Ἀθήνηςιν
657 3814 697 3872 εἰς
719 3814 809 3869 πολλά
837 3815 907 3882 τάην
934 3815 1164 3883 ςξυλμφερόντιυν
1188 3819 1231 3880 τῷ
1256 3805 1337 3880 δήμῳ
1364 3814 1492 3881 χρήςιμοι

263 3906 414 3970 γεγάναςιν
426 3905 467 3960 εἴς
485 3903 552 3974 rste]
571 3906 626 3969 τὴν
644 3900 808 3968 οἰκοδομίαν
826 3907 887 3955 τῶν
904 3900 1067 3956 νεωςοίκινν
1085 3904 1195 3966 καὶτῆς
1208 3898 1413 3968 ςκενοθή1[κ]ης
1432 3897 1492 3954 εἰς·

265 3991 439 4058 φέροντες
469 3991 530 4045 τάς
560 3988 731 4057 εἰςφοράς
761 3991 833 4041 καθ’
859 3989 1010 4042 ἕκαςτον
1036 3989 1098 4041 τὸν
1126 3986 1323 4054 {Marpessos
1351 3985 1413 4039 τὰς
1441 3983 1492 4038 εἰς

264 4076 308 4129 τά
327 4077 409 4130 δέκα
432 4077 593 4130 τάλαντα
617 4079 730 4130 καλῶς
748 4076 804 4128 καὶ
822 4072 1122 4142 προθύΗμλιιιςάπὸ
1142 4071 1421 4135 Θεμιςτοκλέους
1440 4071 1493 4138 dp-

264 4178 392 4229 χοντος
416 4163 518 4230 μέχρι
544 4161 842 4230 Κεφιςοδλίώρ]ου“
868 4159 960 4221 verba,
986 4173 1053 4226 quae
1070 4156 1172 4211 litteris
1189 4155 1330 4210 intervallo
1350 4155 1493 4209 disiunctis
1558 4165 1560 4168 ’

264 4251 405 4314 notantur,
429 4249 511 4302 etiam
530 4248 564 4302 ad
582 4247 710 4302 vocabula
727 4249 850 4300 tantum:
875 4245 931 4300 neit
949 4261 980 4298 τε
998 4246 1053 4309 τὴν
1071 4241 1233 4305 οἰκοδομίαν
1251 4247 1312 4296 τῶν
1330 4241 1492 4297 νεωςοίκων

265 4336 312 4387 καλ
339 4338 390 4400 τῆς
419 4334 653 4399 ςκεοοθήκητν
681 4330 775 4386 referri
798 4333 878 4385 liceat
902 4330 993 4396 itaque
1016 4328 1117 4393 altera,
1144 4343 1223 4396 quam
1246 4327 1325 4381 modo
1348 4327 1493 4394 posuimus,

264 4419 390 4488 probetur
408 4420 459 4473 loci
476 4419 671 4488 interpretatio.

371 4505 391 4570 ¹)
410 4505 451 4558 ef.
470 4520 537 4572 quae
556 4503 628 4558 infra
645 4503 678 4557 de
696 4503 797 4572 epidosi
814 4501 990 4572 exposuimus.
