3232 5044
796 239 1069 322 ..30..'

286 442 456 526 remigibus
486 443 641 526 [ναύταις]
668 459 703 508 αα
729 441 881 508 ministris
907 443 1102 527 [ὑπηρέταις]
1129 444 1266 512 solutum
1296 463 1361 514 esse
1390 448 1509 512 eonten-

285 547 395 610 damus
406 543 441 627 ¹).
478 545 614 610 Primum
643 545 726 610 enim
754 563 849 610 naves
879 545 1016 616 civitatis
1045 546 1141 612 fuisse
1163 546 1339 614 Boeolrhius
1361 545 1430 614 Oeo.
1453 548 1507 614 ciu.

284 648 398 718 Athen.
415 647 440 724 Ι,
459 648 521 712 112
536 665 580 730 sq.
604 647 719 731 optime
741 648 968 714 demonstrauit
984 652 1016 714 et
1030 648 1245 732 titulo—aperte
1259 649 1437 728 ostenditur,
1460 651 1509 732 qni

285 753 333 816 est
349 754 379 816 in
392 751 539 816 Boeokhii
556 750 701 833 Inscnpt.
717 751 833 828 nentis.
849 751 866 816 Ι
881 771 903 816 α
918 751 950 816 et
964 752 990 817 b.
1014 753 1090 818 Tum
1104 752 1138 818 in
1153 753 1347 837 expeditione
1362 752 1512 824 Siciliensi

283 852 351 936 [01.
376 855 426 932 91,
443 854 479 938 2]
510 855 734 936 erepublica
762 855 800 919 ut
828 854 941 922 nautse
973 856 1019 920 ita
1049 855 1187 922 ministri
1218 855 1312 923 etiam
1345 857 1510 924 mercedem

285 955 512 1038 aeceperunu),
540 958 572 1021 et
593 975 787 1040 quocumque
808 958 877 1022 loco
898 957 1080 1024 trierarchos
1101 959 1223 1041 privato
1246 959 1375 1042 sumptu
1396 958 1510 1041 stipen-

284 1058 372 1124 dium
399 1060 464 1124 illis
493 1060 613 1126 dedisse
639 1061 797 1145 proditur,
831 1061 955 1128 eosdem
981 1081 1076 1144 quam
1103 1062 1239 1128 maxime
1259 1061 1437 1132 invenimus
1459 1059 1511 1127 hoc

284 1179 410 1228 munere
432 1163 611 1246 gloriantes,
634 1167 747 1229 utnon
767 1164 835 1246 lege
855 1163 1033 1244 obstrictos,
1056 1167 1111 1232 sad
1125 1183 1181 1232 sua
1202 1168 1312 1247 sponte
1327 1183 1380 1232 ecs
1396 1164 1510 1230 subisse

284 1267 343 1332 hoc
364 1285 440 1332 onus
462 1269 661 1349 perspicuum
683 1266 755 1334 fiat:
779 1267 867 1334 Deru.
884 1269 918 1348 L,
936 1269 971 1333 7:
996 1269 1058 1346 ἐγὼ
1074 1263 1104 1335 δ’
1121 1270 1255 1349 ἐπειδή
1278 1290 1344 1350 μοι
1367 1269 1436 1336 οὑκ
1457 1267 1511 1346 ὑλ·

284 1377 357 1437 θον
379 1372 418 1436 οἱ
439 1376 580 1438 ναύται
601 1373 638 1437 οἱ
660 1374 946 1449 καταλεγέντα(
968 1372 1043 1438 ὑπὸ
1066 1377 1143 1438 τῶν
1166 1377 1346 1452 δημοτῶν
1364 1371 1417 1453 (cf.
1432 1371 1460 1454 ᾗ.
1476 1369 1509 1451 6)

386 1561 407 1626 ¹)
425 1557 561 1621 Anautis,
580 1573 633 1629 qua
650 1572 712 1612 uooe
730 1558 847 1628 remiges
864 1559 1004 1628 praecipue
1022 1557 1238 1628 appellabantur,
1257 1557 1397 1614 discernas
1412 1560 1512 1628 oportet

287 1646 432 1710 ministros,
452 1642 499 1714 qui
517 1644 658 1712 ὑπηρέται
676 1641 710 1700 ab
723 1641 933 1700 Atheniensibus
951 1643 1085 1698 nominati
1104 1641 1217 1698 disserte
1234 1643 1418 1712 compluribus
1432 1644 1511 1712 scrip·

282 1733 370 1784 torum
395 1728 460 1804 locis
484 1728 542 1783 illis
560 1745 590 1782 ao
607 1729 743 1783 militibus
763 1731 929 1797 (ἐπιβάταις)
947 1732 1116 1799 opponuntur
1139 1729 1213 1783 velut
1231 1729 1307 1785 Dem.
1326 1729 1357 1796 L,
1379 1729 1425 1784 lo:
1449 1730 1512 1783 ἀνα-

282 1819 423 1884 γνῶςεται
441 1845 475 1855 -
493 1818 561 1869 τούς
581 1815 706 1880 μιςθοὺς,
734 1815 784 1869 οὓς
801 1821 881 1869 ταῖς
907 1813 1119 1884 ὑπηρεςίαις
1144 1818 1202 1869 καί
1224 1821 1302 1870 τοῖς
1326 1816 1512 1882 ἐπιβάταις

282 1905 355 1957 κατὰ
375 1908 449 1971 μῆνα
467 1903 624 1957 ἐδίδουν-
637 1904 694 1956 καί
712 1905 797 1957 τοὺς
814 1901 950 1957 ναύτας
970 1903 1230 1968 μιςθωθέντας;
1247 1901 1296 1956 aue
1314 1905 1378 1956 καθ’
1397 1903 1511 1957 ἕκαςτον

283 1991 363 2058 αὐτῷ
388 1991 497 2044 διεξιῶν
519 1991 590 2043 τούς
607 2007 640 2044 τε
659 1991 771 2054 μιςθοὺς
789 1990 859 2044 τοὺς
882 1993 923 2056 τί]
947 1987 1120 2058 ὑπηρεείᾳ
1144 1991 1199 2044 καλ
1221 1993 1300 2044 τοῖς
1328 1989 1510 2055 ἐπιβάταις

283 2077 357 2132 κατὰ
385 2081 460 2143 μῆνα
488 2075 654 2140 διδομένους
680 2080 759 2132 τοῖς
785 2091 822 2130 τε
851 2075 1015 2140 ναύταις,
1043 2075 1093 2130 οὓς
1120 2075 1207 2130 αὐτὸς
1231 2076 1262 2130 ἐκ
1286 2079 1340 2142 τῆς
1358 2075 1512 2142 Λαμψάκου

285 2163 473 2230 ἐμιςθῶςατο,
491 2163 538 2214 καὶ
556 2166 618 2216 τοῖς
637 2163 756 2229 ὑςτερον
774 2161 924 2228 ἐπεμβᾶτιν
943 2160 1007 2214 ἀντὶ
1025 2165 1084 2214 τῶν
1103 2159 1315 2226 άπολιπύντωνς
1338 2161 1387 2228 303
1405 2162 1451 2228 323
1468 2159 1511 2220 363

282 2249 328 2315 Ll,
341 2249 371 2304 5:
392 2252 459 2317 πρίν
478 2247 533 2316 γάρ
552 2246 642 2314 ἧφθαι
662 2249 750 2313 μόνον
767 2251 819 2315 τῆς
837 2248 972 2316 τριήρους
991 2247 1113 2301 τούτους
1131 2247 1367 2316 ἐπεπλήρωτό
1388 2264 1442 2315 μοι
1460 2248 1512 2299 καί

281 2336 412 2389 πάντες
447 2335 571 2403 ἑωρᾶθ’
600 2336 701 2400 ὑμεῑς
737 2334 1038 2402 ἀναπειρωμένην
1067 2335 1133 2399 τὴν
1163 2337 1264 2386 ναῶν·
1300 2335 1355 2389 ἐτι
1389 2334 1512 2388 τοίνυν
1589 2395 1590 2398 ¹

281 2419 480 2489 ὑπηρεςίαν
508 2421 573 2488 τὴν
601 2419 795 2489 κρατίςτην
823 2421 958 2486 ἔλαβον,
989 2423 1085 2489 πολλῷ
1113 2423 1245 2476 πλεῖςτον
1271 2419 1412 2490 ἀργύριον
1435 2421 1513 2478 bonici

282 2505 431 2575 Thucydid.
450 2505 473 2570 1,
492 2506 550 2571 143,
570 2507 598 2560 1:
624 2506 652 2561 εί
669 2523 697 2560 τι
719 2507 765 2562 καί
788 2505 953 2570 νιτήςαντες
977 2511 1039 2562 τοῖς
1058 2505 1237 2571 Ὀλυμπίαςιν
1260 2505 1426 2574 ἢΔελφολς
1450 2521 1513 2574 χρη·

283 2594 383 2658 μάτων
402 2597 490 2663 μιςθῶ
508 2594 665 2662 ἐπειρῶντο
683 2594 766 2660 ἡμῶν
784 2595 939 2658 ὑπολαβεῖν
957 2594 1041 2648 τοὺς
1063 2593 1185 2648 ξένους
1203 2597 1273 2646 τῶν
1292 2598 1452 2656 ναυτῶν,
1477 2592 1511 2656 μὴ

282 2679 377 2736 άντων
401 2681 453 2744 μὲν
477 2681 558 2746 ὑμῶν
583 2679 749 2734 ἀντιπάλων
768 2679 925 2744 ἐςβάντων,
950 2679 1048 2734 αὐτῶν
1066 2695 1098 2734 τε
1116 2681 1163 2732 καί
1181 2683 1241 2732 τῶν
1261 2675 1403 2743 μετοίκων
1424 2678 1512 2733 δεινὸν
1588 2729 1589 2738 ,

282 2763 317 2816 ἂν
335 2764 386 2830 ἦν·
416 2769 470 2818 νὺν
489 2766 520 2818 δέ
538 2765 606 2818 τόδε
629 2765 762 2833 ὑπάρχει,
791 2766 838 2817 καὶ
856 2765 926 2832 ὅπερ
945 2767 1108 2834 κράτιςτον,
1135 2766 1361 2833 κυβερνήτας
1388 2767 1512 2832 ἐχομεν

281 2847 429 2904 πολίτας
455 2852 511 2903 καὶ
534 2852 599 2916 τὴν
625 2851 734 2917 άλλην
761 2850 960 2919 ὑπηρεςίαν
986 2850 1130 2906 πλείους
1148 2853 1195 2904 καὶ
1212 2850 1346 2915 ἀμείνους
1365 2854 1384 2920 ἢ
1404 2850 1511 2914 πάςαὴ

287 2935 394 3000 Ἕλλας,
414 2951 465 3002 quo
477 2936 534 2990 loco
551 2936 743 3006 gubernatores
761 2951 866 3005 quoque
878 2937 906 2992 in
918 2936 1101 2991 ministrorum
1118 2951 1231 2990 numero
1246 2936 1329 2992 inisse
1348 2937 1511 2999 &elusatum

287 3021 403 3076 similem
421 3022 450 3075 in
470 3021 577 3075 modurn
595 3025 765 3090 comparatus
783 3024 825 3076 cst
842 3022 929 3086 loeus,
949 3024 1009 3091 qni,
1033 3022 1068 3076 ad
1085 3021 1155 3076 idern
1172 3025 1279 3092 ternpus
1296 3024 1450 3090 pertinens,
1474 3037 1513 3074 ar·

280 3109 337 3161 stat
354 3109 416 3177 [ιρι.
434 3105 506 3172 XXI,
525 3108 576 3162 10:-
599 3109 697 3175 είχον
720 3109 785 3176 γάρ
812 3110 964 3177 χρήματα
991 3107 1113 3164 πείςατ
1140 3108 1368 3176 κυβερνήτην
1387 3109 1512 3164 Φαντίαν

233 3253 235 3257 ,
281 3196 394 3249 ὑπαντα
420 3196 472 3249 τὸν
498 3195 616 3263 χρόνον,
644 3193 786 3250 bethbeten
809 3195 1031 3262 τῶνἙλλήνων
1058 3197 1170 3265 ᾰριςτοτ
1189 3197 1274 3259 εῖναι,
1301 3201 1513 3264 παρετκευα-

280 3281 392 3346 ςύμην
420 3282 456 3335 δέ
483 3283 538 3334 καί
565 3281 606 3334 τύ
631 3283 805 3350 πλήρωμα
832 3283 919 3350 πρὸς
948 3281 1091 3336 lusione
1118 3284 1176 3334 καί
1203 3283 1269 3348 τὴν
1295 3283 1408 3349 άλλην
1436 3284 1514 3348 ὑπη-

279 3365 399 3433 ρεςίαν
418 3367 584 3432 ἀκόλουθον,
607 3366 667 3434 ubi,
692 3369 716 3422 si
734 3369 864 3436 exempla,
883 3381 952 3436 quae
968 3365 1047 3421 modo
1064 3367 1156 3422 adlato
1172 3370 1249 3431 sunt,
1267 3367 1468 3426 consideramus
1486 3379 1514 3420 uo

281 3452 420 3521 praecipue
441 3451 548 3518 quidem
566 3452 641 3506 Dem.
659 3452 703 3520 LI,
721 3454 752 3519 5,
779 3453 867 3507 neseio
884 3468 919 3507 an
936 3453 1031 3506 melius
1054 3451 1137 3506 simus
1156 3451 1316 3517 iudicaturi,
1343 3469 1407 3510 cnm
1426 3468 1515 3508 vocem

279 3537 369 3603 ditus
388 3540 470 3591 verbo
487 3537 643 3607 ὑπηρεςίαν
660 3555 677 3593 ιι
695 3539 823 3608 scriptore
840 3538 988 3608 appositam
1007 3553 1063 3592 esse
1081 3539 1231 3593 eminemus
1249 3543 1368 3609 respecto
1387 3539 1514 3596 uocabulo

281 3624 501 3691 ιιιιυβερνὴτηνν,
527 3640 607 3694 quarn
626 3625 650 3678 si
669 3625 703 3679 ad
723 3626 895 3694 ιιπλήρωμαιι
919 3623 988 3679 hano
1014 3639 1104 3679 vocem
1131 3627 1250 3695 spectare
1276 3627 1411 3695 putemne.
1440 3625 1513 3689 Rern,

278 3708 331 3762 etei
349 3725 365 3762 τι
382 3709 516 3764 Boeclrhio
534 3712 588 3766 iam
606 3709 819 3766 animadversam
840 3712 884 3778 (cf.
902 3711 997 3767 Oecon.
1017 3712 1067 3767 cir.
1083 3713 1150 3767 neh.
1169 3713 1191 3780 1,
1209 3713 1269 3768 388.
1287 3712 1347 3768 382.
1365 3713 1441 3779 386),
1459 3713 1515 3782 nri·

281 3811 353 3864 mue,
372 3799 442 3866 quod
460 3799 552 3862 sciam
569 3797 750 3852 Kirclrhoffrno
762 3798 797 3852 ad
808 3799 958 3854 accuratius
975 3798 1163 3864 definiendum,
1180 3798 1246 3868 quid
1259 3798 1406 3854 trierarchi
1418 3799 1515 3856 inient

280 3886 426 3952 praestare,
444 3880 567 3937 adhibuit
584 3882 628 3949 (ci.
649 3883 798 3938 Communi.
816 3883 932 3938 acadenn
950 3884 1037 3940 Berol.
1056 3885 1124 3940 1865
1140 3901 1166 3954 p.
1184 3885 1238 3952 81).
1255 3877 1257 3881 ’

285 3973 288 3981 “
382 3971 403 4034 1)
422 3968 542 4038 Thucyd.
556 3968 601 4032 vl,
614 3969 657 4034 31,
670 3969 700 4024 b:
718 3971 754 4024 τδ
768 3972 819 4035 μέν
837 3971 972 4026 ναυτικὸν
993 3971 1127 4036 μεγάλαις
1144 3970 1284 4024 δαπάναις
1295 3975 1357 4026 τῶν
1370 3988 1404 4027 τε
1417 3987 1514 4040 τριηρ-

279 4056 376 4122 άρχων
400 4058 447 4109 καί
471 4059 524 4122 τῆς
547 4057 658 4110 πόλεως
686 4057 858 4122 ἐκπονηθέν,
885 4061 947 4111 τού
976 4059 1036 4123 μὲν
1064 4055 1235 4122 δημοςίου
1263 4057 1429 4125 δραχμὴν
1452 4062 1514 4123 τῆ(

278 4141 414 4210 ἡμέρας
431 4145 479 4211 τῷ
497 4142 611 4209 ναύτῃ
638 4143 775 4210 excerp
797 4143 963 4198 διδδντος
981 4145 1028 4196 καί
1046 4147 1116 4197 ναὺς
1133 4143 1331 4209 παραςχὺντος
1348 4143 1436 4198 ιιενὰς
1456 4142 1514 4206 ἐξή-

278 4243 367 4281 κοντα
387 4229 437 4293 μὲν
454 4227 579 4295 ταχείας,
597 4228 808 4296 τεςςαράκοντα
827 4229 858 4284 δέ
877 4231 1107 4294 δτλιταγωγοὺς,
1134 4230 1191 4282 καί
1215 4227 1411 4297 ὑπηρεςίας
1435 4230 1515 4283 ταύ-

276 4330 354 4368 ταις
372 4315 433 4369 τάς
450 4313 660 4382 κρατίςτας,
681 4319 753 4368 τῶν
773 4315 832 4384 [δέ]
851 4316 1087 4383 τριηράρχων
1106 4315 1284 4383 ἐπιφοράς
1302 4331 1340 4370 τε
1357 4317 1448 4384 πρὸς
1467 4319 1514 4381 τῶ

277 4398 313 4452 ἐκ
331 4399 508 4466 δημοςίου
534 4405 641 4469 μιςύιβ
669 4401 853 4455 διδόντων
880 4407 957 4454 τοῖς
985 4400 1170 4468 θρανίτοις
1194 4407 1263 4456 τῶν
1287 4405 1432 4456 ναυτῶν
1458 4401 1514 4453 καλ

276 4489 355 4538 ταῖς
367 4486 436 4552 ύπη
445 4485 543 4553 pecte
551 4503 579 4540 ιτ
593 4489 638 4539 καλ
651 4486 740 4541 τδλλα
750 4485 872 4553 ςημείοιτ
882 4490 927 4540 καί
937 4492 1124 4542 καταςιιευαῑς
1136 4489 1301 4542 πολυτελέα
1312 4489 1516 4555 χρηςαμὺνων.
