3248 5050
767 263 974 328 ῃ10..

255 451 427 520 fallendam
439 451 545 518 dolum
560 451 705 530 intendit,
721 454 802 534 quod
818 453 937 518 crimen
952 467 1026 516 rane
1041 467 1103 517 non
1117 449 1230 535 exigua
1243 449 1301 516 illa
1315 449 1488 516 centesima

253 557 425 622 multatum
448 556 499 621 sit.
523 553 583 621 sec
605 553 674 638 ipsa
695 552 818 622 Stobaei
840 554 936 620 verba
957 553 1031 619 huic
1053 552 1304 636 interpretationi
1320 552 1400 618 mihi
1415 552 1485 636 qui·

254 661 326 725 dem
354 675 415 725 non
441 658 544 724 solum
564 676 626 724 non
648 657 830 741 suffragari,
864 655 918 722 sed
941 656 1064 722 obstare
1087 656 1184 722 etiam
1206 655 1381 735 videntum»
1403 657 1487 738 quod

255 763 293 827 ut
314 761 527 844 comprobem,
562 760 738 826 accuratius
766 761 801 825 iu
829 760 926 826 totius
948 759 1009 825 loei
1032 759 1210 826 contextum
1231 753 1392 842 inquirehs
1414 777 1485 826 eam

254 883 365 948 sequar
394 865 488 930 huius
519 864 630 945 eapitis
658 864 692 928 in
713 863 866 929 sectiones
901 862 1111 929 distribuendi
1142 862 1312 941 rationem,
1346 881 1408 946 qua
1429 861 1484 927 Fr.

253 969 451 1034 Hofmannus
473 985 547 1032 usus
570 969 632 1047 est,
660 965 799 1032 uberiore
823 965 878 1031 illa
901 965 1127 1048 disputatione,
1158 982 1253 1047 qnam
1276 965 1313 1030 de
1335 966 1393 1030 hoc
1415 965 1485 1031 loco

253 1071 392 1138 instituit
418 1071 600 1154 (eBeitrage
622 1088 676 1134 nur
699 1068 883 1135 Geechichte
906 1072 959 1134 des
983 1067 1199 1152 griechischen
1221 1068 1287 1133 und
1309 1068 1486 1134 romischen

253 1174 389 1242 Rechtsu
413 1172 635 1255 ptr-112),
660 1170 776 1255 optime
799 1170 972 1250 maritus¹).

357 1277 500 1341 Primum
514 1275 756 1358 Theophrastus,
779 1274 866 1341 cuius
881 1274 977 1341 verba
991 1293 1011 1340 a
1025 1274 1155 1343 Stobaao
1176 1274 1364 1354 referuntur,
1388 1293 1487 1341 enun-

254 1381 348 1447 tiato:
375 1379 484 1446 πὸπωε
502 1379 579 1444 -ὁ
602 1378 765 1444 δικαίωε
787 1378 967 1458 ἐωνημένοι
988 1378 1131 1458 φανερὸς
1152 1378 1173 1462 ᾗ
1195 1385 1241 1463 τῷ
1264 1379 1364 1444 τέλεια
1390 1395 1483 1460 quam

256 1483 427 1551 clarissime
450 1482 566 1548 indicat
587 1481 752 1566 pecuniam
774 1480 860 1546 illam
883 1499 947 1546 non
969 1479 1008 1545 ab
1031 1497 1081 1558 eo,
1113 1481 1168 1564 qui
1189 1498 1265 1546 nom
1287 1481 1369 1546 bona
1390 1498 1485 1563 quae-

255 1589 329 1653 dam
351 1586 511 1668 empturus
533 1583 614 1650 nulli
636 1585 756 1650 faveret
778 1583 950 1650 venditoris
971 1584 1041 1650 dolo
1062 1584 1202 1649 nondum
1226 1583 1403 1662 constabat,
1430 1583 1485 1649 sed

255 1690 293 1756 ab
318 1707 354 1755 eo
378 1687 569 1774 pensitatam
591 1706 666 1766 csse,
689 1706 781 1770 quem
803 1689 870 1752 sine
891 1685 1002 1753 frauda
1025 1686 1138 1753 emisse
1153 1687 1218 1753 iam
1233 1686 1414 1776 apparebat,
1437 1686 1486 1752 id·

255 1812 315 1876 que
335 1789 485 1857 nimirum
507 1789 686 1856 venditione
707 1808 725 1854 a
753 1788 941 1872 magistratu
964 1789 1172 1873 comprobata.
1216 1790 1311 1855 Patet
1330 1789 1430 1872 igitur
1451 1788 1485 1854 in

256 1891 422 1972 sententia,
447 1911 509 1975 qua
523 1891 864 1959 Buechsenscbuetnius
879 1910 968 1957 suam
984 1891 1161 1976 opinionem
1176 1891 1300 1959 defendi
1314 1891 1483 1970 existimat,

254 1998 351 2068 verbo
372 1995 515 2062 tantum:
542 1995 759 2077 ιπρογριίφειν
773 1996 862 2074 παρὰ
877 1999 914 2078 τῇ
931 1993 1013 2078 ἀρχῇ
1027 1996 1091 2075 πρὸ
1107 1996 1234 2076 ἡμερῶν
1249 1997 1289 2076 μὴ
1306 1995 1486 2062 ἐλαττόνων

254 2103 470 2183 ἢὲξήκονται
500 2098 539 2162 ad
562 2097 729 2164 vocabula:
767 2097 876 2164 „tumr
906 2099 1163 2178 διαμφιτβητῆεαί
1192 2119 1226 2164 τε
1255 2101 1309 2182 ἐξῇ
1339 2101 1391 2165 καὶ
1419 2104 1483 2164 οια-

255 2205 470 2285 μαρτύμαεθαι
491 2209 538 2286 τῷ
555 2202 770 2286 βουλομένων,
794 2202 931 2266 atroces
957 2203 1026 2266 exori
1040 2203 1099 2267 τὸν
1121 2202 1295 2282 πριάμενον
1317 2203 1487 2281 ἑκατοετὴν

255 2309 373 2374 τιθέναι
394 2311 450 2386 τῆε
471 2309 578 2384 τιμῆεν
603 2306 642 2370 ad
664 2302 761 2369 rerba
774 2304 891 2370 solum:
918 2304 1026 2370 ηὸπωε
1049 2343 1087 2354 -
1112 2306 1131 2371 ὁ
1154 2306 1283 2372 δικαίωε
1305 2306 1483 2384 ἐωνημένοι

258 2410 401 2493 φανερὸς
421 2410 441 2494 ᾖ
463 2416 510 2494 τῷ
534 2407 634 2474 ester
658 2407 769 2474 referri
790 2407 896 2473 licere.

358 2512 467 2595 Neque
488 2512 523 2576 in
538 2511 704 2588 sententia,
728 2529 790 2593 qua
804 2514 842 2577 de
857 2510 917 2576 fine
933 2510 1040 2593 legum
1055 2510 1308 2594 prima-sectione
1323 2529 1484 2577 enumera-

255 2622 360 2683 tarum
383 2614 523 2698 exponit,
557 2613 623 2678 ullo
645 2613 740 2678 verbo
763 2612 935 2697 signifieat,
969 2631 1021 2679 eas
1044 2613 1139 2679 etiam
1161 2614 1222 2678 hue
1243 2615 1414 2697 spectasse,
1447 2631 1485 2678 ne

256 2721 377 2802 emptor
398 2717 499 2783 socius
521 2717 612 2781 fieret
625 2713 754 2793 fraudis,
777 2734 872 2798 quam
895 2717 1000 2783 vendit
1001 2734 1035 2781 cr
1050 2720 1189 2798 pararet·
1216 2717 1258 2798 (ξ
1275 2716 1321 2798 ΙΙ)
1347 2717 1399 2782 Οὐ
1415 2717 1484 2797 χρή

254 2821 283 2889 b
299 2821 477 2899 ἀγνοεῖν,
501 2818 1483 2900 ὅτιαίπρογραφαὶκαὶαὶπροκηρύξειεκαὶὸλωε,

256 2925 326 2991 δια
353 2923 452 3003 πρὸ(
473 2924 542 2988 τοῖς
565 2921 874 3010 ἀμφιεβητήεειε
897 2923 993 2998 tert,
1016 2921 1108 2988 πάντ
1130 2923 1211 3002 ἢτά
1234 2926 1361 2988 πλεῖττα
1383 2923 1423 2989 bu’
1437 2923 1485 2990 o-

256 3033 358 3108 λειψιν
380 3027 491 3106 ἑτέρου
514 3026 616 3105 νόμου
632 3026 758 3092 τίθεται·
782 3025 868 3106 παρ’
890 3025 950 3091 οἱ(
977 3026 1049 3106 γὰρ
1072 3026 1284 3106 ἀναγραφὴ
1307 3028 1382 3093 τῶν
1404 3046 1486 3104 κτη-

255 3131 385 3212 μάτων
408 3130 487 3195 ἐετῖ
509 3132 560 3195 καὶ
582 3133 646 3195 τῶν
669 3131 885 3210 ευμβολαίων,
909 3129 942 3197 ἐξ
965 3129 1096 3194 ἐκείνων
1118 3129 1180 3194 ἔιτι
1203 3132 1327 3208 μαθεῖν,
1350 3129 1377 3194 εἰ
1400 3129 1485 3194 ἐλεύ-

256 3240 350 3313 θεροι
372 3233 424 3298 καὶ
447 3230 599 3312 ἀνέπαφα
620 3233 671 3298 καὶ
693 3233 793 3298 αὑτοῦ
816 3236 916 3298 πωλεῖ
937 3233 1076 3298 οικαίωε·
1107 3232 1227 3297 εὐθὺς
1247 3231 1321 3311 γὰρ
1344 3235 1407 3296 καὶ
1429 3252 1486 3310 με·

256 3334 473 3415 τεγγράφει
494 3334 514 3413 ἡ
537 3334 638 3416 ἀρχὴ
662 3337 732 3400 τὸν
755 3335 998 3414 ἐωνημένον;
1020 3335 1117 3400 immo
1138 3333 1236 3399 verba
1258 3333 1486 3416 postremasat

259 3436 421 3502 luculento
444 3438 517 3500 sunt
540 3435 731 3515 testimonio,
755 3435 929 3520 exlegibus
944 3435 1009 3501 illis
1024 3435 1190 3502 nonnullas
1205 3435 1286 3502 hano
1301 3436 1340 3502 ob
1359 3454 1485 3502 causam

257 3541 445 3609 constitutas
460 3559 538 3620 osse,
561 3542 599 3605 ut
613 3540 816 3607 manifestum
830 3541 929 3625 fieret,
952 3539 1022 3622 quis
1036 3539 1129 3621 bona,
1152 3540 1191 3605 de
1206 3542 1319 3624 quibus
1333 3541 1485 3625 ageretur,

260 3642 396 3712 emisset.
440 3644 509 3725 Qua
531 3663 602 3710 cum
625 3663 658 3710 re
680 3643 795 3727 optime
818 3643 955 3710 concinit
977 3644 1121 3711 fraudum
1144 3644 1233 3722 ratio,
1257 3661 1334 3727 quas
1350 3646 1487 3710 extrema

256 3750 392 3816 sectione
413 3747 430 3812 Ι
452 3747 607 3814 institutis
622 3746 687 3813 illis
702 3746 849 3832 impediri
863 3747 1090 3832 Theophrastus
1106 3747 1268 3814 adfirmat:
1294 3748 1486 3825 „onomaton

257 3852 405 3932 δηλονότι
433 3855 520 3917 noir
547 3854 620 3931 μὲν
648 3851 719 3918 τὰ(
748 3850 872 3931 ἀρχὰ(
899 3851 1149 3918 ὑπενθύνουε
1177 3853 1322 3927 ποιεῖν,
1355 3856 1423 3917 τοῖε
1450 3851 1487 3914 δὲ

255 3958 331 4021 τοὺ(
345 3955 498 4033 γείτοναε,
521 3954 592 4022 ἐὰν
607 3957 653 4035 μὴ
669 3954 858 4036 λάβωειν,
880 3957 900 4036 ἢ
923 3956 986 4021 δίε
1007 3954 1113 4034 παρὰ
1134 3957 1204 4019 τοῦ
1228 3953 1486 4034 οὐτοῡλάβω-

256 4079 316 4125 τιν
337 4060 357 4138 ἢ
379 4058 545 4138 ἔχοντετ
567 4058 614 4136 μὴ
637 4058 778 4134 λέγωει
800 4057 869 4122 τὸν
891 4053 1192 4138 ἐωνημένονν”);
1214 4055 1489 4139 quaeverbaapte

360 4247 381 4314 ¹)
398 4245 495 4312 Doleo,
522 4244 593 4314 qnod
619 4243 745 4299 monibus
771 4247 888 4300 tractare
912 4259 965 4300 non
996 4243 1072 4314 potni
1091 4241 1239 4298 Oaillemer.
1265 4241 1368 4298 Etndes
1386 4259 1432 4298 sur
1449 4242 1486 4296 las

255 4331 407 4402 antiquitas
423 4331 574 4401 juridiques
592 4328 735 4386 d’Athtnes
753 4329 805 4384 111.

360 4419 382 4488 ¹)
400 4417 440 4474 Cf.
459 4416 596 4473 Hofmann
614 4417 632 4471 Ι
650 4432 672 4472 ο.
691 4433 716 4486 p.
736 4415 808 4479 76e3
836 4417 910 4486 7793
935 4415 970 4471 81
991 4431 1016 4472 n.
1035 4415 1083 4480 833
1114 4417 1182 4470 nstv
1210 4416 1392 4483 ἐωνημένονν
1417 4417 1487 4482 (των

257 4505 417 4572 ὠναμένων
435 4505 506 4575 libr.)
525 4505 676 4576 Gompernii
694 4503 845 4559 emendatio
863 4505 912 4558 est
