3248 5050
657 264 866 328 ,11-

150 455 350 524 Hoimonnns
373 454 395 520 l.
418 472 443 520 o.
466 473 496 537 ρ.
513 453 553 519 81
577 453 622 518 ite
642 450 872 534 interpretetus
895 451 944 518 est
967 451 1210 535 explicantque:
1251 450 1377 519 „Offen-

149 562 205 627 ber
227 565 355 625 mdoson
376 554 426 622 dio
448 556 594 622 Pertoien
615 554 683 621 oioh
705 552 778 621 bold
815 553 965 636 (nonlioh
996 556 1081 638 dont,
1115 573 1161 620 νο
1189 554 1243 620 deo
1270 554 1376 621 frdhor

150 664 289 746 Gesogte
310 659 382 743 gilt)
410 678 450 725 en
478 656 729 737 die·Behorden,
763 656 838 723 bold
870 656 1022 743 (ndmlioh
1045 655 1079 722 in
1102 657 1225 742 Thurii)
1258 667 1298 723 ed
1326 657 1377 724 dio

148 763 320 832 Neohbnm
341 762 452 828 holten
473 761 539 828 und
560 761 604 826 oie
626 747 877 826 nerentwortlioh
892 759 1033 840 machon,
1056 779 1144 826 wenn
1157 761 1212 826 die
1227 760 1374 828 lettteren

154 869 256 953 (einen
277 865 365 932 Kenf
383 864 557 948 beddigen,
596 863 740 930 enmono
767 862 812 928 oio
835 861 928 949 dooh)
951 863 1041 929 keine
1064 863 1168 930 soleto
1190 863 1302 928 Minoo
1324 882 1372 928 er·

150 969 257 1036 holten
278 967 399 1046 haben,
434 966 622 1044 odorabor,
657 985 746 1031 wenn
774 963 819 1031 sie
843 983 903 1032 von
926 965 1105 1032 demselben
1137 965 1321 1050 (Verkdnfer
1342 969 1377 1032 in

146 1073 255 1156 Benug
276 1071 335 1136 eut
353 1070 495 1137 daesolbe
518 1067 639 1154 Objeot)
665 1068 805 1134 owoimel
828 1069 879 1134 ein
901 1068 1021 1134 ooloheo
1036 1069 1376 1152 Erinnerungezeiohon

146 1175 341 1252 ennehmen‚
365 1173 438 1239 oder
461 1191 549 1239 wonn
571 1171 616 1238 oie
638 1189 671 1238 eo
693 1172 835 1238 erholten
856 1171 958 1238 haben
979 1173 1043 1238 nnd
1066 1172 1127 1238 den
1147 1171 1267 1239 Konier
1290 1171 1377 1238 nieht

147 1297 273 1344 nennen
287 1278 400 1343 wellen
418 1277 459 1358 (d.
472 1275 504 1342 h.
521 1276 591 1342 dom
606 1274 727 1340 Xduier
742 1275 796 1340 deo
812 1273 963 1360 Zeugniss
978 1275 1179 1360 verweigerm
1193 1275 1265 1340 does
1280 1293 1313 1340 er
1327 1273 1378 1341 die

147 1381 246 1448 Soohe
267 1377 398 1464 gekeuft
419 1377 529 1458 hetdo
544 1378 581 1460 1).

250 1483 392 1564 Denique
415 1480 501 1546 eliud
523 1483 744 1564 argumentum
766 1479 860 1563 idque
880 1497 943 1545 non
965 1478 1068 1563 exigui
1089 1481 1241 1547 momenti
1255 1479 1295 1546 ed
1310 1481 1377 1563 opi·

147 1589 283 1666 nionem,
308 1603 402 1668 quom
424 1585 516 1650 modo
538 1583 667 1666 protuli,
691 1583 921 1660 stabiliendam,
944 1581 1010 1664 peti
1032 1583 1134 1665 potest
1149 1601 1185 1650 ex
1200 1584 1320 1665 primis,
1345 1584 1378 1648 ni

147 1690 256 1767 fallor,
288 1688 433 1754 oeotionio
466 1687 517 1752 III
550 1686 670 1752 verbio:
710 1687 814 1752 πέπεὶ
847 1688 889 1752 δὲ
922 1688 987 1751 καὶ
1019 1688 1239 1772 προιταείᾳ
1271 1690 1378 1754 τινε(

151 1795 349 1858 ὠνοῦνται
374 1793 437 1857 καὶ
459 1795 674 1866 πωλοῦειν,
704 1788 938 1868 ἀπαλλοτριοῦν
967 1790 1145 1867 έθέλοντεε,
1180 1789 1286 1870 ὀρθιῦε
1315 1791 1378 1871 ἔχει

151 1894 305 1975 καὶπρὸς
327 1899 425 1960 ταῦτα
446 1898 640 1974 νομοθετεῖν,
664 1894 744 1974 ὅπερ
767 1895 818 1960 καὶ
840 1898 992 1970 ποιοῦειν,
1014 1893 1080 1973 ἅμα
1101 1894 1200 1958 ταῦτά
1216 1916 1250 1960 τε
1265 1895 1378 1976 βουλό·
1413 1948 1416 1955 .

149 2017 237 2076 μενοι
259 1998 391 2063 κωλύειν
414 1999 465 2063 καὶ
486 2000 544 2077 τὴν
568 1996 680 2080 [ὠνὴν]
705 1988 830 2077 ἐμφανῆ
853 1999 986 2074 ποιεῖνιι,
1009 1996 1037 2060 si
1060 2013 1178 2061 eonon
1205 2015 1276 2062 oum
1297 1997 1379 2063 Hoi·

149 2117 263 2166 manno
279 2100 319 2165 ed
334 2099 499 2166 simulatos
514 2101 639 2164 tantum
655 2117 690 2164 eo
705 2098 801 2164 falses
816 2097 1009 2164 venditiones
1025 2097 1237 2182 emptioneove
1252 2097 1377 2179 referas,

150 2205 204 2269 sed
227 2221 353 2270 meeum
374 2202 520 2268 instituta
541 2203 580 2268 iis
603 2200 754 2267 declarari
775 2200 883 2284 puteo,
907 2219 985 2283 qnae
1003 2202 1128 2267 omnino
1151 2201 1378 2286 impedimento

148 2306 285 2380 dionunt,
307 2325 346 2371 ne
370 2305 439 2388 quis
461 2305 596 2370 oltemm
618 2303 724 2370 dolose
744 2302 923 2370 sublevaret
943 2303 978 2368 in
998 2304 1090 2370 rebno
1106 2304 1218 2372 alionis
1233 2305 1284 2372 vol
1299 2305 1379 2372 obli·

148 2410 232 2493 getis
254 2406 435 2473 vendendis.
462 2405 603 2472 Verbum
625 2405 722 2490 igitur
747 2407 956 2492 ιιπροεταάᾳκ
982 2424 1043 2472 non
1061 2409 1200 2490 eopeoiee
1218 2406 1378 2491 intellego,

147 2511 202 2578 sed
226 2528 318 2577 noum
341 2508 519 2576 adiumento
545 2509 619 2592 (doli
634 2509 883 2594 commoliendo
908 2509 1094 2594 interpretor
1115 2511 1155 2578 ed
1178 2512 1309 2576 duorum
1330 2511 1379 2575 lo·

144 2633 253 2682 eorum
276 2612 448 2696 exemplar:
477 2611 567 2678 Dem.
590 2613 689 2696 XXX,
712 2613 755 2678 29
778 2631 839 2695 sq.:
870 2614 970 2680 καίτοι
993 2613 1098 2679 δεινὸν
1122 2613 1179 2680 τὸν
1201 2616 1258 2693 μὲν
1279 2613 1380 2690 λέγειν

149 2719 193 2783 ὡς
216 2716 427 2797 ἀπετιμήεατο
449 2718 488 2784 τὸ
511 2717 645 2798 χωρίον,
679 2718 737 2782 τὸν
767 2715 796 2783 δ’
817 2715 1069 2798 ἀποτετιμηκότα
1092 2718 1257 2799 φαίνεεθαι
1278 2737 1378 2797 γεωρ-

147 2825 266 2896 γοῦντα
288 2822 339 2888 καὶ
359 2821 489 2902 φάεκειν
504 2823 562 2902 μὲν
585 2819 828 2886 ἀπολελοιπέναι
849 2822 906 2900 τὴν
929 2819 1083 2902 ἀδελφὴν,
1106 2821 1187 2900 ὑπὲρ
1211 2821 1318 2886 αὐτῶν
1340 2823 1378 2886 δὲ

146 2923 274 2987 τούτων
295 2924 440 3002 φανερὸν
462 2921 542 2987 εἶναι
564 2924 726 3003 φεύγοντα
747 2925 823 2989 τοῦ(
851 2925 1016 3002 ἐλέγχους,
1045 2924 1107 2988 καὶ
1135 2925 1204 2988 τὸν
1233 2925 1302 3003 μὲν
1331 2923 1376 2988 οὐ

150 3027 432 3097 ευνοικοῦντα,
463 3023 513 3087 ὡς
540 3023 660 3088 οῦτόε
688 3045 792 3102 φηει,
826 3027 889 3089 καὶ
917 3027 1012 3088 τοῦτ
1043 3026 1221 3104 καρποῦ(
1248 3025 1311 3088 καὶ
1333 3027 1378 3088 τὰ

151 3125 192 3188 ἐκ
214 3127 280 3202 τῆε
301 3123 495 3202 γεωργία(
518 3122 654 3188 ἅπαντ’
677 3125 914 3202 ἐξενεγκεῖν,
937 3126 1008 3188 τὸν
1032 3125 1061 3191 δ’
1077 3125 1174 3204 ὑπὲρ
1197 3129 1263 3204 τῆ(
1285 3127 1379 3191 ἀπο-

148 3225 378 3291 λελοιπυίας
411 3225 651 3304 πράττοντα,
686 3226 784 3305 ὑπὲρ
806 3225 849 3304 ἦε
871 3227 1185 3306 ἀποτετιμῆεθαί
1216 3249 1312 3309 φηει
1333 3231 1376 3295 τὸ

149 3327 314 3408 χωρίον,
337 3327 548 3409 φαίνεεθαι
569 3327 651 3409 μηδ’
673 3328 771 3410 ὑπὲρ
795 3328 884 3395 ἑνόε
900 3327 1379 3406 τοῦτωνάγανακτοῦντα

149 3431 231 3498 ἀλλ’
252 3433 415 3512 ἡευχίαν
442 3432 596 3512 έχοντα.
627 3421 716 3499 ταῦτ’
739 3433 778 3498 οὐ
807 3435 907 3512 πολλὴ
931 3432 1119 3513 περιφόνειά
1142 3433 1237 3513 έετιν;
1272 3435 1379 3501 ταῦτ’

149 3535 221 3615 οὐχ
255 3535 563 3616 ὁμολογουμένη
596 3536 832 3616 προεταεία;
865 3535 904 3615 Χ,
927 3535 984 3602 52:
1017 3540 1075 3602 νῦν
1104 3539 1140 3602 δὲ
1172 3543 1302 3617 πρῶτον
1323 3542 1382 3620 μὲν

149 3639 288 3718 βαειλεῦε
319 3638 413 3704 ἅπαει
435 3643 502 3704 τοῑ(
524 3640 665 3718 Ἕλληειν
695 3639 820 3705 οἰκείωε
847 3639 926 3719 έχει,
960 3641 1011 3704 καὶ
1044 3640 1174 3706 πάντων
1202 3644 1241 3722 δή
1272 3644 1379 3721 ἥκιετα

146 3741 228 3820 ἡμῖν,
253 3740 292 3806 ἀν
306 3762 335 3807 τι
349 3743 390 3822 μὴ
406 3745 464 3807 νῦν
487 3742 795 3821 ἐπανορθωεώμεθα·
820 3741 957 3808 ἔπειτα
979 3743 1213 3822 προεταείαι
1235 3749 1378 3811 πολλαὶ

70 3840 75 3848 '
149 3844 214 3908 καὶ
241 3844 501 3923 πανταχόθεν
527 3845 752 3923 γίγνονται,
781 3846 832 3911 καὶ
859 3849 918 3930 τοῦ
948 3846 1123 3925 πρωτεύειν
1145 3845 1379 3913 ἀντιποιοῦνται

152 3947 210 4024 μὲν
233 3945 363 4022 πάντεε,
394 3946 544 4028 ἀφεετᾶει
567 3946 595 4012 δ’
617 3947 694 4012 ἔνιοι
716 3949 767 4012 καὶ
789 3953 944 4028 φθονοῦει
965 3949 1017 4012 καὶ
1039 3946 1219 4015 ἀπιετοῦειν
1242 3950 1377 4028 ἑαυτοῖε,

150 4047 211 4126 οὐχ
242 4047 286 4112 ὼε
315 4047 395 4126 ἔδει,
429 4051 479 4115 καὶ
508 4050 653 4127 γεγόναα
680 4050 749 4115 καθ’
777 4051 895 4116 αὑτοῦ(
924 4051 1060 4129 ἕκαττοι,
1092 4051 1226 4131 Ἀργεῖοι
1249 4052 1379 4134 Θηβαῖοι

256 4237 275 4300 ¹)
296 4232 420 4288 Sohilleri
438 4234 481 4304 (de
498 4235 553 4292 reb.
571 4235 732 4290 Theodorum
758 4251 785 4305 p.
802 4237 848 4306 45)
865 4237 1020 4306 explicatio:
1050 4237 1090 4291 „oi
1117 4238 1219 4304 emptor
1245 4251 1301 4291 rem
1327 4254 1380 4293 non

150 4319 295 4390 oooepieoet
317 4319 366 4373 eut
386 4335 443 4374 nem
460 4321 591 4376 traditam
608 4323 711 4391 peteret
728 4324 866 4390 temqnem
884 4337 938 4376 non
956 4321 1086 4376 traditam
1106 4326 1154 4375 ent
1171 4323 1307 4389 eooeptem
1325 4340 1380 4380 eme

149 4409 285 4476 degerem,
311 4405 423 4460 minime
440 4407 555 4475 qnedret
572 4407 606 4462 ed
624 4406 754 4462 sermonis
772 4410 941 4474 contextum
965 4408 999 4463 ot.
1017 4411 1082 4464 oeot.
1101 4405 1130 4461 II
1148 4408 1175 4462 ot
1193 4406 1332 4475 Gomperz.
1351 4411 1379 4465 in

150 4489 300 4548 Hotnienni
317 4489 411 4546 libello
430 4491 466 4560 (ρ.
484 4493 516 4546 81
534 4507 563 4547 n.
581 4491 626 4560 23)
644 4496 673 4547 et
690 4492 835 4548 Hofmono.
853 4509 878 4563 ρ.
898 4495 932 4548 91
951 4507 990 4561 oq.
1059 4489 1062 4495 '
