3194 5060
768 284 804 292 -
851 248 974 311 78..

257 437 336 502 Poll.
361 436 450 516 VIII,
476 436 553 502 10οε
583 437 675 520 χίλιοι
695 438 747 502 καὶ
769 437 934 504 bructeros·
958 437 1024 507 ἀπὸ
1046 437 1173 516 τούτων
1194 435 1274 516 ἦςαν
1295 436 1326 504 oi
1347 439 1487 514 λειτουρ-

256 544 403 618 γοῦντες·
425 539 684 618 Δημοςθένης
707 541 749 604 δὲ
770 538 899 619 νόμον
918 539 1079 619 γράψας
1100 539 1188 606 ἀντὶ
1209 539 1363 604 τούτων
1384 558 1487 617 τρια·

256 642 413 707 κοςίονς
445 641 896 707 τοὺς“πλουςιωτάτους
930 642 1123 720 ἐποίηςεν.
1162 640 1279 708 Contra
1312 643 1339 707 si
1371 641 1488 706 Demo·

257 746 380 812 sthenes
401 744 435 812 id
457 745 595 828 egtsset,
610 745 647 812 ut
668 744 783 824 cuncti,
806 745 860 828 qui
882 744 1036 812 tributum
1059 745 1268 824 conserebant,
1292 744 1374 810 ciues
1397 744 1489 808 etism

256 847 395 926 muneri,
426 848 464 912 de
486 865 546 929 quo
568 849 755 926 tractamus,
784 847 1017 930 obligarentur,
1047 867 1149 914 nonne
1170 848 1195 914 ii
1217 865 1353 932 quoque,
1375 846 1489 930 quIbus

256 970 298 1016 er·
314 950 470 1018 institutis
497 948 650 1032 prioribus
677 951 860 1016 immunitas
889 953 956 1016 erat
982 951 1214 1030 triersmhiee,
1234 969 1329 1034 quam
1354 949 1490 1016 maxime

257 1053 453 1120 studuissent
473 1052 651 1136 prohibere,
686 1054 851 1135 quominus
873 1054 923 1120 lex
945 1054 1003 1120 illa
1024 1055 1226 1138 probaretur?
1243 1053 1352 1136 ,quin
1386 1070 1490 1118 nonne

261 1159 337 1222 haec
350 1158 420 1240 ipsa
433 1155 609 1222 reclamatio
624 1156 741 1238 illaque
757 1158 893 1222 muneris
909 1158 1113 1232 commutatio
1136 1156 1231 1241 digna
1252 1156 1365 1226 iisdem
1387 1155 1489 1239 scrip·

255 1259 376 1326 toribus
397 1259 465 1324 uisa
486 1263 576 1340 esset,
601 1263 638 1326 de
656 1277 718 1342 qua
739 1258 832 1326 claris
854 1259 959 1327 verbis
981 1259 1098 1326 menthe
1120 1258 1276 1342 fiereti¹l¹
1315 1309 1317 1316 .

360 1363 405 1428 At
419 1362 565 1430 obiecerit
580 1363 693 1446 aliquis
711 1399 748 1410 -
766 1364 847 1446 qnod
863 1363 1036 1439 Boeckhius
1058 1363 1183 1446 quidem
1205 1381 1267 1428 non
1289 1361 1433 1446 statuite
1450 1400 1488 1412 -

255 1463 324 1530 fieri
345 1464 500 1548 potuisse,
534 1467 586 1544 ut,
620 1465 800 1550 priusquam
824 1467 1045 1534 Demosthenes
1066 1467 1171 1550 legem
1192 1470 1348 1551 rogasset,
1383 1486 1491 1532 omnes

259 1567 342 1634 ciues
365 1568 398 1631 in
419 1569 637 1652 collegiatam
660 1569 937 1636 conscriberentur.
961 1569 1022 1636 Sed
1043 1589 1082 1634 ne
1103 1569 1182 1636 hanc
1204 1570 1344 1652 sequens
1367 1569 1490 1653 opinio·

255 1689 337 1750 nem,
360 1670 394 1736 iu
410 1688 445 1736 eo
467 1671 631 1754 praecipua
653 1672 793 1756 positum
815 1673 872 1752 est,
897 1673 989 1756 quod,
1012 1692 1084 1738 cum
1106 1672 1219 1751 verbis,
1243 1672 1356 1754 quibus
1372 1673 1489 1748 Demo-

357 2001 378 2062 ¹>
394 1996 519 2052 Alterum
543 1997 733 2064 argumentum
757 1997 850 2051 contra
872 1995 1000 2050 Boeclchii
1022 1995 1197 2061 sententiam,
1223 1997 1247 2050 si
1263 1995 1403 2050 Demosth.
1428 2011 1487 2050 ora-

254 2084 357 2138 tionem
374 2082 409 2138 ad
426 2082 614 2151 Phaenippum
641 2085 807 2152 spectantem
839 2097 910 2136 anno
937 2081 1019 2136 alicui
1044 2080 1162 2137 adscribi
1188 2081 1296 2148 debere,
1321 2082 1369 2150 qui
1387 2097 1489 2136 annum

256 2159 307 2224 330
322 2171 428 2222 secutus
446 2172 495 2234 est,
513 2167 629 2236 profecto
649 2169 751 2220 certum
769 2169 847 2232 esset,
865 2182 897 2220 ex
911 2166 962 2220 hac
978 2165 1038 2235 ipsa
1055 2165 1176 2221 oratione
1193 2166 1251 2236 peti
1268 2166 1369 2230 liceret,
1388 2167 1488 2238 quippe

256 2269 316 2308 cum
334 2251 443 2307 duobus·
455 2253 522 2306 locis
540 2252 685 2306 facultates
703 2252 898 2321 appellarentur
916 2254 1128 2322 λειτουργοῦςαι
1146 2253 1181 2321 (ἐ.
1197 2253 1243 2306 22τ
1263 2255 1295 2308 cb
1314 2253 1413 2309 τοίνυν
1433 2257 1487 2310 δεῖ·

254 2343 305 2394 ξον
329 2343 453 2406 χαλκοῦν
480 2339 531 2392 ἕνα
560 2339 647 2403 μόνον
671 2337 710 2392 εἰς
734 2339 788 2403 τὴν
805 2338 888 2392 πόλιν
907 2337 1073 2405 ἀνηλωκὼς,
1092 2341 1108 2393 ὁ
1126 2339 1178 2392 τὰς
1196 2339 1250 2392 δύο
1267 2341 1487 2408 λειτουργούςας

254 2424 351 2482 οὐςίας
372 2425 571 2493 παρειληφώς;
597 2424 646 2477 23η
670 2423 869 2489 consocer-
885 2425 943 2479 τὰς.
960 2425 1116 2494 μαρτυρίας
1133 2422 1174 2479 ec
1193 2425 1235 2479 δύ’
1252 2425 1342 2479 οἴκων
1360 2428 1487 2496 λειτοαρ-
1587 2459 1588 2478 r

256 2512 391 2576 γούντων
409 2512 506 2565 οὑτοςλ
524 2508 686 2567 Φαίνιππος
699 2510 957 2578 κεκληρονόμηκεν)
974 2513 1056 2578 atque
1073 2510 1140 2566 huic
1155 2510 1281 2576 dictioni,
1300 2525 1353 2578 qua
1371 2512 1487 2568 maiores

253 2599 361 2650 tantum
379 2611 440 2664 opes
459 2595 683 2664 significabantur
702 2597 737 2662 (ξ,
757 2595 804 2649 22;
830 2596 873 2650 „ot
892 2597 922 2650 δὲ
941 2599 982 2652 ςοί
1000 2598 1122 2666 πατέρες
1139 2597 1286 2654 τοςούτων
1304 2597 1376 2662 ἧκαν
1395 2599 1488 2666 κύριοι
1587 2653 1588 2672 η

253 2683 424 2749 χρημάτων,
452 2683 516 2735 ὥςθ’
536 2681 671 2750 ἑκατέρου
699 2681 819 2749 τρίπους
846 2681 1000 2748 ἀνάκειται,Ι
1026 2683 1206 2749 νικηςάντων
1234 2682 1332 2736 αὐτῶν
1350 2683 1486 2738 Διονύςια
1587 2699 1588 2738 l

253 2768 470 2834 χορηγούντων.
494 2767 540 2820 καὶ
558 2767 592 2820 οὐ
612 2769 724 2833 φθονῶ·
753 2767 796 2820 δεῖ
813 2767 868 2835 γὰρ
892 2768 977 2821 τοὺς
1001 2767 1178 2835 εὐπόρους
1201 2767 1353 2836 χρηςίμοας
1377 2771 1487 2824 αὐτοὺς
1587 2791 1588 2828 ;

252 2852 386 2919 παρέχειν
412 2856 474 2906 τοῖς
499 2851 643 2906 πολίταιςν
668 2851 713 2920 [cI.
732 2851 847 2918 XXVII,
865 2853 935 2922 64])‚
963 2855 1022 2906 tum
1047 2853 1136 2906 solum
1159 2852 1233 2906 locus
1251 2853 1362 2919 fuisset,
1389 2855 1413 2908 si
1431 2870 1485 2909 non
1587 2851 1588 2914 Ῑ

256 2952 357 3003 omnes,
375 2937 423 3006 qui
434 2937 571 2992 tributum
582 2939 762 3005 conterebant,
781 2939 902 3008 liturgiis
919 2938 1024 3009 qnoqrie
1041 2937 1231 3008 iungebantur.
1249 2939 1303 2993 Sed
1321 2953 1485 3009 quemqnam
1587 2941 1588 3000 ζ

253 3023 423 3078 Sebastenam
436 3025 463 3090 (l.
477 3041 499 3082 ο.
518 3024 568 3090 ΙΙΙ,
582 3025 599 3080 2
617 3041 642 3094 p.
654 3026 707 3082 284
724 3029 775 3095 sq.)
788 3041 819 3080 ac
830 3026 966 3082 Blassium
983 3027 1014 3094 (l.
1026 3043 1049 3082 ο.
1067 3025 1119 3094 111,
1133 3028 1149 3079 1
1166 3042 1193 3095 p.
1204 3025 1267 3092 447)
1284 3025 1483 3098 Boebneokium
1587 3037 1588 3070 ἒ

255 3110 476 3180 (sForschungen
501 3112 549 3168 auf
573 3111 600 3167 d.
628 3112 737 3167 Gebiete
764 3114 789 3167 d.
816 3113 951 3168 attisehen
974 3113 1095 3168 Itednere
1120 3112 1147 3177 I,
1167 3113 1229 3182 675)
1257 3114 1362 3168 secutos
1390 3112 1484 3167 Philo·

255 3199 380 3264 stratum,
398 3199 445 3265 qui
458 3199 484 3250 et
496 3199 571 3251 nem.
584 3197 657 3264 XXI,
671 3199 705 3252 64
717 3201 744 3252 et
755 3198 827 3266 LIX,
840 3199 882 3265 22,
900 3199 1069 3266 moratione,
1087 3214 1154 3268 quae
1167 3199 1239 3253 inter
1251 3214 1310 3252 ann.
1330 3197 1381 3252 343
1393 3201 1422 3252 et
1435 3199 1485 3253 340
1587 3219 1588 3264 ν

253 3281 350 3336 habits
373 3289 427 3348 est,
454 3286 486 3337 ut
503 3283 581 3336 uivus
599 3287 834 3349 commemoratur,
862 3285 976 3338 eundem
995 3300 1051 3338 esse
1069 3299 1099 3338 ac
1116 3283 1332 3350 PhiIostratum,
1357 3283 1404 3352 qui
1423 3296 1484 3338 ora·

252 3366 348 3432 tionis,
375 3366 407 3422 'de
425 3384 478 3437 qua
500 3368 684 3438 disputamus,
712 3372 736 3438 §-
755 3371 787 3425 21
813 3371 912 3438 ῥήτωρ
936 3369 1094 3424 nommetur
1111 3385 1142 3424 ao
1159 3369 1297 3424 nonnullis
1322 3370 1400 3423 annis
1423 3371 1484 3424 ante
1587 3419 1588 3440 ,

252 3457 377 3508 mortuns
404 3470 461 3509 esse
488 3456 607 3512 truditur
633 3470 740 3511 censere
765 3457 896 3525 cognovi,
923 3457 1027 3522 mmor,
1053 3471 1115 3511 cnm
1131 3471 1217 3524 neque
1234 3455 1291 3510 illm
1309 3456 1374 3510 locis
1391 3457 1483 3512 Philo·

253 3542 371 3594 stratum
389 3539 563 3596 Colonensem
589 3545 720 3596 oratorem
747 3541 831 3596 fuisse
857 3558 941 3611 nequa
968 3541 1017 3596 hoc
1043 3542 1100 3596 loco
1127 3542 1260 3610 legamus,
1287 3541 1317 3595 in
1340 3557 1392 3611 qno
1413 3559 1483 3612 pago

253 3627 435 3681 Philostratus
458 3635 550 3681 orator
573 3644 670 3682 nomen
689 3626 831 3693 detulerit,
858 3629 1097 3696 grammaticorum
1115 3629 1251 3682 sententia
1265 3631 1380 3684 nonest
1394 3628 1484 3684 *mars

252 3713 322 3767 mihi
340 3712 448 3782 quidem
464 3711 571 3768 violetur
588 3712 642 3766 niti
658 3710 821 3778 rationibus,
838 3729 887 3767 nec
898 3713 1007 3766 msioris
1024 3714 1157 3768 momenti
1171 3716 1220 3781 est,
1238 3713 1309 3783 qnod
1326 3719 1350 3778 §-
1362 3714 1397 3768 20
1409 3717 1438 3768 et
1450 3715 1483 3768 31

252 3801 320 3852 tune
345 3798 473 3867 temporis
491 3797 606 3852 Athenis
633 3813 767 3851 summam
793 3797 877 3852 fulsse
904 3813 1024 3853 annonae
1051 3801 1191 3854 astacon
1218 3799 1380 3868 accepturus,
1407 3802 1485 3856 etex

252 3885 328 3940 Dern.
347 3883 450 3950 XVIII,
466 3885 501 3939 89
518 3899 587 3938 anno
605 3883 657 3938 330
673 3901 698 3938 a.
715 3883 778 3940 Chr.
797 3902 823 3940 n.
841 3901 977 3941 annonam
993 3887 1122 3942 cariorem
1139 3886 1241 3940 tactam
1258 3901 1315 3940 esse
1333 3885 1471 3941 evincitur
1476 3907 1484 3951 3

252 3969 313 4038 quis
330 3969 402 4023 enias
419 3970 502 4037 negat
518 3970 602 4024 etiam
613 3972 677 4025 ante
688 3985 748 4025 ann.
760 3971 820 4037 330,
838 3975 871 4026 ut
881 3974 1008 4042 tempore,
1026 3973 1055 4026 tn
1068 3971 1139 4042 quod
1151 3971 1340 4028 Demosthenis
1349 3971 1483 4040 nspunss

253 4055 351 4109 incidit
368 4054 413 4124 [cf.
433 4056 457 4122 ς.
475 4054 523 4120 333
550 4057 577 4108 st
594 4057 731 4123 praeterea
747 4056 857 4111 lecerat
876 4057 963 4124 XVH,
982 4059 1015 4114 57
1033 4059 1141 4126 (Ἀξιον
1166 4059 1203 4112 δὲ.
1220 4058 1266 4112 καὶ
1283 4058 1413 4126 Σατύρου
1434 4061 1481 4114 καὶ

252 4145 307 4196 τοῦ
323 4143 432 4210 πατρὸς
450 4142 656 4210 ἐνθυμηθῆναι,
680 4142 707 4196 οἳ
723 4144 819 4200 πάντα
837 4146 889 4200 τὸν
906 4145 1012 4214 χρόνον
1030 4147 1094 4213 περὶ
1112 4143 1243 4198 πλείςτου
1262 4149 1323 4198 τῶν
1341 4143 1482 4210 Ἐλλήνων
1587 4161 1588 4220 l

252 4229 326 4294 ὑμᾶς
344 4231 508 4294 ποιοῦνται,
534 4231 581 4283 καὶ
604 4231 773 4286 πολλάκις
795 4233 862 4299 ἤδη
888 4233 943 4286 διὰ
967 4232 1094 4288 ςπάνιν
1112 4228 1211 4286 citou
1229 4231 1291 4285 τὰς
1307 4235 1369 4286 τῶν
1387 4232 1483 4286 ἄλλαν
1587 4223 1588 4240 ³

252 4315 387 4382 ἐμπόρων
405 4319 475 4370 vote
493 4316 578 4372 κενὰς
598 4317 791 4384 ἐκπέμποντες
808 4320 876 4385 ὑμῖν
895 4319 1045 4385 ἐξαγωγὴν
1064 4317 1197 4386 ἐδοςαν)],
1214 4316 1422 4374 immunitam
1440 4317 1483 4372 in·

252 4400 342 4468 opiam
360 4401 480 4470 potuisse
496 4401 610 4457 Athenis
628 4402 762 4458 exsistere.

357 4489 377 4552 ²)
395 4484 455 4546 Oec.
473 4490 522 4544 civ.
540 4489 640 4547 Athen.
658 4489 680 4558 1,
698 4489 750 4545 724
767 4492 795 4546 et
812 4507 838 4547 n.
858 4492 881 4545 b.
