3194 5060
774 260 1004 326 -122-

376 448 408 530 o)
431 448 503 532 Lye,
525 447 640 527 XXIV,
667 449 721 514 16:
752 449 874 528 οὐγὰρ
901 451 1094 527 πενομένους
1117 450 1168 514 καὶ
1189 450 1261 517 λίαν
1282 449 1416 531 ἀπόρως
1438 460 1499 518 δια·

273 553 433 630 κειμένου(
451 552 603 632 Ιὑβρίζειν
630 552 730 628 εἰκός,
764 552 844 621 ἀλλά
873 555 948 618 τοὺς
975 555 1100 638 πολλῷ·
1114 553 1212 620 πλείω
1234 557 1299 618 τῶν
1320 554 1500 632 ἀναγκαίων

273 657 492 734 κεκτημένους·
516 657 612 722 οὐδὲ
634 658 726 722 τοὺς
747 656 975 728 ἀδυνάτους
995 661 1077 724 τοῖς
1093 659 1257 736 ςώμαςιν
1272 658 1403 735 ὄντας,
1425 659 1500 728 ἀλλὰ
1574 727 1575 730 ,

272 759 347 823 τοὺς
369 759 498 837 μάλιςτα
523 761 724 826 πιςτειίοντακ
746 765 814 827 ταῖε
836 761 943 826 αὐτῶν
966 760 1099 840 δώμαιςτ
1122 759 1239 838 XXXI,
1256 761 1311 832 ll:
1335 765 1500 842 ιαιθέςτηκε
1574 793 1575 796 “

273 864 308 927 δέ
323 864 448 938 τιέθος
471 865 592 930 δίκαιον
615 867 706 928 πᾶςιν
729 863 910 941 ἀνθρώποις
933 868 998 930 τιδν
1020 864 1126 933 αὐτῶν
1148 864 1354 943 ἀδικημάτων
1376 866 1501 944 μάλιςτα

273 964 450 1043 ὀργίζεςθαι
472 971 539 1031 τοῖς
561 967 692 1069 μάλιςτα
712 967 898 1045 δυναμένοις
919 968 960 1045 μὴ
982 965 1111 1042 ἀδικεῖν,
1134 971 1217 1035 τοῖτ
1240 969 1290 1037 δὲ.
1305 969 1499 1049 πένηςινῆ

273 1067 490 1135 ἀδυνάτοις
520 1076 573 1154 τῷ
594 1063 739 1148 κώματι
761 1071 944 1148 commuue
967 1070 1049 1148 ἔχειν
1071 1072 1123 1142 διὰ
1145 1071 1183 1135 τὸ
1206 1071 1345 1148 ἡγεῖςθαι
1370 1071 1500 1138 ἄκοντος

273 1171 390 1237 αὐτοὺς
412 1172 620 1252 άμαρτάνειν;
643 1172 782 1254 Xenopb.
805 1172 900 1254 Hipp.
924 1172 980 1247 IX,
1003 1173 1103 1252 5¹;)1
1167 1185 1170 1192 '
1206 1227 1208 1234 ,

374 1275 404 1358 b)
427 1275 566 1359 Thuoyd
596 1275 665 1352 VII,
690 1275 792 1351 28,4;
817 1276 856 1340 δι’
879 1275 973 1340 ἃκαῖ
994 1277 1068 1345 τότε
1091 1277 1155 1343 ὑπό
1179 1277 1240 1360 [τε]
1262 1282 1319 1355 ,τῆς
1334 1280 1500 1346 Δεκελείας

275 1381 378 1444 πολλὰ
403 1376 606 1458 βλαπτοιίςης
637 1381 688 1446 καὶ
703 1383 781 1452 τῶν
813 1379 918 1446 ἀλλων
951 1381 1170 1459 ἀναλωμάτων
1199 1381 1347 1460 μεγάλων
1376 1403 1501 1460 προεπι-

273 1483 420 1546 πτόντων
444 1483 636 1548 ἀδύνατοι
659 1484 846 1560 ἐγένοντο
869 1486 953 1549 τοῖς
976 1481 1183 1563 χμήμαςιάλ
1228 1533 1229 1540 ι
1259 1497 1262 1504 ’

358 1582 515 1663 ,Quarum
536 1587 697 1656 notionum
720 1585 853 1655 alteram
875 1587 1000 1653 lenium
1022 1586 1079 1655 illo
1095 1587 1320 1656 Demosthenis·
1337 1589 1407 1654 loeo
1429 1587 1499 1654 femi
1574 1605 1575 1686 ξ

272 1703 362 1767 posse
384 1686 557 1752 Βαθυλλίου
579 1687 600 1754 l.
623 1705 649 1754 e.
672 1688 697 1765 I,
724 1688 787 1754 703
810 1690 988 1766 eonlendii,
1023 1689 1150 1774 uegeuib
1173 1691 1280 1758 aulem
1303 1691 1499 1758 Hermennue

272 1791 292 1854 l.
309 1808 334 1854 o.
358 1789 385 1869 Ι,
404 1791 474 1868 162,
494 1792 533 1856 13
556 1792 679 1856 dieens:
706 1791 796 1874 anl.
812 1827 855 1840 -
871 1791 1331 1876 dieZneemmonsbellungbei
1347 1794 1500 1860 Demoslh.
1574 1791 1575 1868 l

272 1893 1498 1977 emmone.16--,woiehniehtmmdersieheeheitwieBeeekol

272 1996 302 2062 S
320 1998 382 2064 703
397 2016 438 2064 en
452 1998 510 2064 der
519 1997 700 2082 Beziebung
716 1999 770 2062 ani
791 1998 841 2064 die
865 1999 1043 2068 ἀδυνάτους
1065 2007 1111 2084 τῷ
1133 2003 1249 2080 ςιυματι
1263 2001 1310 2085 dg
1328 2002 1433 2069 eoin
1447 2000 1498 2082 16)
1574 2027 1575 2090 f

273 2105 346 2166 uwel
348 2101 413 2166 feln
435 2101 542 2170 meent
543 2120 608 2166 eo..

375 2202 436 2270 Sed
451 2202 591 2282 minime,
608 2207 687 2286 quod
704 2204 903 2270 Hermennus
918 2205 1041 2287 opinari.
1055 2158 1286 2282 vindmense
1301 2208 1342 2272 ad
1356 2205 1497 2274 Boeokbii
1574 2169 1575 2194 ί

273 2307 346 2374 Oeo.
370 2309 428 2374 eiu
452 2309 477 2383 Ι,
496 2309 618 2374 703el
640 2309 680 2374 ed
703 2310 752 2374 eui
773 2309 871 2391 ipsine
894 2309 1015 2386 libriI,
1040 2309 1111 2386 162
1139 2313 1176 2376 lb
1199 2313 1336 2389 revooeb,
1363 2310 1495 2376 homines
1574 2335 1575 2338 ¹

272 2427 399 2478 maneos
421 2429 458 2476 ee
480 2410 598 2478 debiles
626 2429 699 2477 νοω
727 2413 896 2480 ἀδυνάτων
924 2412 1093 2496 significari
1122 2415 1240 2481 eentum
1270 2431 1336 2480 esse
1359 2412 1496 2496 equidem
1574 2437 1575 2488 ὴ

271 2513 422 2582 existimo.
440 2512 549 2579 Nonne
559 2519 644 2581 -nl
656 2514 754 2581 simili
769 2515 889 2582 rubiono
904 2517 953 2582 vel
968 2516 1130 2598 eboregiee
1146 2515 1320 2584 ullorumve
1335 2534 1495 2584 munerum

274 2617 473 2684 sollemnium
501 2619 687 2685 immunibus
715 2619 826 2686 iisdem
850 2622 1070 2688 eoneederelur
1092 2621 1262 2704 oporluiede
1289 2621 1436 2690 emiliam
1456 2653 1494 2664 -

274 2738 413 2784 summae
436 2721 550 2786 fuieeel
570 2722 712 2799 iniuriae,
736 2741 797 2801 eoo,
821 2725 916 2790 etiam
937 2723 965 2788 si
980 2742 1051 2808 opes
1074 2725 1285 2806 possedissent
1306 2723 1494 2806 euflioienles

272 2822 311 2886 ed
334 2823 509 2887 obeundam
530 2823 760 2900 trierarobiem,
791 2826 970 2909 sumptibus
993 2843 1113 2910 quoqne
1135 2829 1174 2894 ad
1198 2828 1254 2894 boe
1277 2841 1392 2907 munus
1415 2839 1495 2906 spoo-
1574 2857 1575 2908 ι

272 2925 411 2992 διαδίδου
434 2927 467 2990 in
490 2933 673 3010 perpetuum
701 2929 852 2996 libero-rei
885 2935 937 2997 An
964 2949 1098 3014 quonam
1126 2935 1216 2997 modo
1244 2932 1326 2996 beno
1354 2927 1494 2996 iniuriam
1574 2985 1575 2994 ι

271 3029 429 3096 sublatam
455 3049 521 3096 esse
542 3035 657 3115 pules?
680 3031 800 3099 Deinde
823 3033 930 3100 eodem
951 3035 1018 3100 iure
1041 3033 1146 3112 eliam,
1171 3036 1224 3118 qui
1246 3035 1407 3102 seneeluie
1426 3049 1495 3098 oon·
1574 3023 1575 3084 Ϊ

272 3133 346 3198 fecii
369 3135 458 3198 erent
479 3134 609 3218 ideoque
632 3137 791 3203 uacatione
814 3136 948 3204 militiae
970 3137 1164 3212 fruebantur,
1189 3139 1343 3204 immunes
1365 3153 1431 3204 esee
1446 3135 1494 3196 de·

275 3379 382 3428 ποιεῖν
407 3377 527 3443 καὶγὰρ
546 3381 624 3431 τοις
643 3376 752 3442 ἦττον
771 3377 1089 3440 δυνομένοιςευθυς
1109 3377 1144 3430 ἂν
1163 3377 1208 3442 in
1228 3375 1403 3445 ἀποςτροφη
1422 3371 1495 3434 ollii

271 3463 353 3516 τοὺς
381 3463 660 3516 δυνατωτάτους
688 3465 821 3530 πρώτους
849 3462 1030 3527 ἀναγκάζοιτ,
1060 3462 1106 3528 lX,
1125 3463 1155 3516 6:
1183 3466 1248 3531 παρ’
1276 3464 1414 3531 ὀρφανῶν
1440 3463 1495 3511 τιῖιν

274 3547 414 3602 δυνάτους
432 3550 529 3604 οἴκους
549 3550 686 3615 ἐχόντων.

375 3633 457 3701 ¹)cf
476 3635 602 3688 Aeschin.
622 3633 662 3698 ΙΙ,
682 3634 730 3688 95:
757 3632 916 3700 γενομένης
941 3633 1086 3700 ἑκκληςίας
1110 3635 1165 3700 ἤδη
1189 3635 1290 3702 παρὼν
1318 3637 1373 3690 καί
1402 3629 1494 3686 δυνά·

273 3738 377 3786 μενος
395 3727 443 3790 τῷ
463 3721 610 3787 ςώματι,
637 3721 921 3790 προςαναγκάῑοντος
943 3725 994 3774 τοιῖ
1014 3722 1105 3788 δήμου
1126 3723 1214 3789 μηδὲν
1233 3721 1322 3787 ἦττον
1341 3719 1494 3790 πρεςβείιειν

271 3810 345 3874 ἡμᾶς
372 3811 441 3864 τοὺς
459 3809 487 3862 ἐξ
506 3805 594 3875 ἀρχῆς
619 3805 784 3875 αἱρεθέντος
812 3809 952 3871 ἅπαντας,
980 3808 1118 3874 ἀψευδεῖν
1142 3809 1213 3876 πρὸς
1231 3807 1399 3875 Ἀθηναίους
1418 3803 1492 3870 ᾤμην

270 3897 346 3958 δεῖν;
373 3893 435 3962 Lys.
454 3893 486 3956 X,
505 3893 551 3946 29:
579 3894 667 3959 δῆλον
685 3893 749 3960 γάρ,
769 3894 812 3946 δ’τι
830 3897 891 3948 τοῖς
910 3895 960 3959 μέν
979 3895 1084 3959 ςώμαςι
1109 3895 1262 3972 δύνανται,
1288 3895 1339 3960 τὰς
1359 3890 1389 3945 δέ
1407 3885 1492 3956 ψυχὰ(
1574 3897 1575 3916 l

270 3981 322 4034 οὐκ
340 3981 458 4046 ἔχουςιυ.

373 4069 392 4132 ²)
411 4065 532 4133 Xenoph.
552 4063 631 4132 Hipp.
650 4065 673 4129 I,
687 4065 717 4118 9:
735 4066 803 4119 τοὺς
823 4065 872 4128 μὲν
891 4063 992 4119 ἱππέας
1011 4067 1099 4132 δῆλον
1118 4067 1163 4118 δ’τι
1182 4066 1344 4128 καθιςτάνοιι
1364 4064 1405 4120 δεῖ
1423 4057 1489 4112 κατὰ
1574 4107 1575 4146 ξ

270 4153 321 4204 τὸν
352 4153 442 4217 νόμον
471 4152 556 4206 τοὺς
589 4151 867 4219 δυνατωτάτορυς
900 4153 957 4204 καὶ
987 4151 1141 4218 χρήματι
1171 4155 1227 4204 καῖ
1258 4154 1402 4218 ςιῖιμαςι;
1435 4141 1489 4209 Lyi·
1574 4151 1575 4202 ἴ

269 4239 314 4302 VI,
329 4239 377 4293 48:
395 4238 691 4306 Ἀνδοκίδηε-ἀξιοῑ
680 4242 772 4293 ῑνυνῖ
792 4239 858 4304 μετέ
860 4254 920 4304 χειν
939 4241 990 4306 τῆς
1007 4239 1129 4303 πόλεως
1148 4238 1257 4304 άςεβιῖιν
1277 4240 1308 4292 ἐν
1328 4239 1408 4302 αὐτῇ
1426 4226 1489 4283 ἀλλὰ

269 4329 403 4380 πλουτων
426 4327 480 4393 γὰρ
504 4328 550 4381 καῖ
575 4326 773 4389 δυνάμενος
800 4331 876 4380 τοῖς
904 4323 1056 4392 χρήματι
1080 4327 1127 4378 καῖ
1153 4328 1307 4390 βαςιλεδςιν
1325 4316 1488 4384 ezelonem(

270 4415 315 4466 καὶ
343 4413 509 4479 τυράννοις;
540 4410 658 4481 Thucyd.
677 4411 700 4475 Ι,
719 4412 761 4476 25,
779 4411 869 4480 3sq.;
896 4411 929 4464 de
952 4409 1026 4464 verbi
1053 4408 1197 4466 ἀδυνάτου
1225 4412 1334 4467 notione
1360 4405 1392 4462 ei.
1415 4400 1488 4455 eliam

269 4495 395 4550 ''lhesnnr
418 4497 525 4566 linguae
544 4495 697 4562 Greeoeel,
717 4499 740 4562 1,
759 4497 846 4552 7120
863 4511 902 4564 sq.
