3142 5052
706 233 933 298 -.100.„

210 420 401 503 temporibus
410 423 485 485 tuno
495 419 591 485 luisse
603 422 802 502 pecuniarum
814 438 934 499 usuras,
946 411 1106 502 multoque
1120 423 1253 485 minores
1267 420 1435 487 facultates

214 543 290 606 opus
314 524 417 602 luisse,
443 523 555 605 quibus
578 541 627 588 res
651 525 904 604 compararentur
927 508 973 588 ad'
988 521 1105 588 victum
1128 523 1309 605 cultumque
1331 543 1438 589 neees-

212 628 319 705 sariae,
342 626 429 692 nobis
452 643 513 690 non
529 630 576 690 est
592 613 828 710 neglegendum.
853 625 993 704 Accedit,
1017 629 1098 708 quod
1121 626 1295 709 complures
1319 645 1434 706 eorum,

160 720 163 728 ’
211 729 264 812 qui
281 743 409 794 munera
426 729 774 808 sollemniasubicrunt,
797 729 945 813 pecunias
960 729 994 794 'nn
1009 727 1048 794 iis
1064 731 1241 796 conlocatas
1261 730 1437 811 replevisse,

215 834 344 898 simulac
373 833 578 919 magistratus
604 833 668 899 sint
697 833 817 915 adepti,
852 831 959 916 Lysias
989 837 1081 916 atque
1104 834 1256 899 Isocrates
1279 833 1439 900 nonnullis

211 937 287 1002 locis
316 941 422 1019 aperte
445 937 620 1014 declarant,
652 925 758 1019 Lysias
779 936 865 1012 XIX,
888 937 944 1000 57:
976 937 1031 1002 εἰςὶ
1053 938 1088 1002 δέ
1110 957 1190 1002 τινες
1213 938 1244 1002 οἱ
1266 939 1438 1016 προαναλί-

212 1059 336 1106 ςκοντες
358 1040 397 1105 οὗ
421 1025 521 1120 μόνον
543 1041 659 1105 τούτου
684 1041 798 1132 ἕνεκεν,
822 1040 887 1104 ἀλλ’
910 1039 973 1103 ἵνα
991 1036 1042 1125 [al.
1058 1041 1159 1120 μόνου
1179 1041 1299 1105 τούτου
1324 1039 1438 1114 ἕνεκεν,

210 1138 273 1228 ἵνα]
304 1143 440 1222 ἄρχειν
471 1131 533 1222 ὑφ’
564 1143 668 1222 ὑμῶν
699 1143 936 1210 ἀξιωθέντες
966 1143 1148 1208 διπλάςια
1181 1143 1439 1234 ιςομίςωνται,

212 1248 366 1312 Isocrates
390 1245 458 1326 XV,
485 1245 561 1312 145:
585 1251 662 1311 τῶν
679 1244 760 1327 ’μὲν
790 1249 922 1326 ἀρχῶν
952 1249 1014 1313 καὶ
1044 1251 1119 1311 τῶν
1142 1231 1342 1326 ὠφελειῶν
1363 1251 1440 1311 τῶν

212 1352 401 1415 ἐντεῦθεν
423 1352 680 1438 Ιγιγνομένων
717 1352 768 1416 καὶ
800 1355 865 1415 τῶν
900 1350 1004 1415 ἄλλων
1041 1351 1194 1415 ἁπάντων
1226 1355 1291 1414 τῶν
1324 1354 1441 1415 κοινῶν

213 1455 434 1531 ἐξέςτηκας,
467 1453 509 1516 εἰς
532 1455 569 1518 δὲ
590 1455 665 1518 τοὺς
696 1454 873 1520 decretione
903 1455 952 1518 καὶ
983 1453 1099 1531 χιλίους
1129 1455 1205 1517 τοὺς
1235 1453 1440 1533 εἰςφέμοντας

212 1560 262 1622 καὶ
292 1558 551 1636 λειτουργοῦντας
584 1557 622 1621 οὐ
646 1557 746 1637 μόνον
777 1557 875 1622 αὑτὸν
905 1550 1050 1635 παρέχεις
1082 1555 1161 1622 ἀλλὰ
1192 1557 1242 1621 καὶ
1272 1558 1329 1622 τὸν
1360 1557 1441 1631 υἱόν,

213 1661 285 1736 VII,
309 1661 365 1726 25:
390 1659 471 1724 οὐδ’
495 1659 559 1724 ἀπὸ
582 1665 637 1739 τῆς
660 1661 787 1738 πρώτης
810 1661 927 1739 ἡμέρας
951 1660 1145 1724 ἐςκόπουν
1169 1659 1325 1734 ἐλθόντες,
1348 1658 1384 1723 εἴ
1407 1681 1441 1722 τι

213 1768 340 1843 λῆμμα
369 1764 704 1841 παραλελοίπαςιν
726 1764 765 1828 οἱ
786 1762 985 1842 πρότερον
1016 1762 1222 1841 ἄρχοντες,
1251 1762 1330 1829 ἀλλὰ
1359 1763 1441 1826 πολὺ

214 1869 341 1944 μᾶλλον,
364 1865 392 1930 εἴ
407 1886 491 1930 τινος
511 1865 694 1945 πράγματος
715 1867 937 1954 τατημελήιςαςι
953 1869 1017 1929 τῶν
1033 1867 1123 1930 τέλος
1139 1865 1220 1943 ἔχειν
1243 1866 1442 1941 κατεπειγόν-

214 1973 294 2044 τιθν,
319 1968 391 2043 XII,
411 1968 486 2034 145:
511 1969 593 2034 ἔδει
616 1971 688 2049 γὰρ
712 1969 802 2033 τοὺς
827 1968 961 2048 ἄρχειν
984 1967 1214 2046 αἱρεθέντας
1237 1973 1301 2033 τῶν
1321 1991 1354 2035 τε
1370 1991 1442 2047 κτη-

214 2071 323 2150 μάτων
345 2076 411 2135 τῶν
433 2071 523 2136 ἰδίων
553 2072 676 2151 ἀμελεῖν
700 2075 750 2138 καὶ
772 2075 847 2135 τῶν
877 2073 1084 2151 λημμάτων
1112 2075 1187 2136 τῶν
1210 2071 1441 2154 εἰθιςμένων

216 2277 304 2340 deri<
327 2276 366 2340 ἂν
389 2277 423 2340 ἐν
444 2281 511 2340 τοῖς
533 2281 590 2342 νῦν
612 2281 780 2342 καθεςτῶςι
801 2277 998 2355 ὑπομείνειεν
1008 2275 1043 2359 1).
1082 2275 1227 2344 Ceterum
1250 2282 1285 2343 ut
1308 2279 1441 2360 impedi·

216 2382 321 2442 mento
352 2381 446 2456 esset,
477 2379 641 2460 quominus
671 2379 787 2442 iniuste
817 2378 912 2443 alicui
935 2377 1039 2442 officia
1061 2380 1304 2462 imperarentur,
1338 2385 1442 2447 iama

218 2480 327 2546 Solone
357 2481 503 2546 instituta
526 2499 591 2545 esse
613 2481 753 2562 proditur
776 2477 980 2565 tautecurt,
1011 2499 1102 2562 quam
1127 2502 1160 2547 re
1184 2501 1258 2549 vera
1281 2485 1319 2550 ad
1342 2483 1441 2550 iacul-

220 2589 332 2667 tatum,
355 2603 416 2650 non
439 2585 477 2651 ad
501 2603 665 2650 munerum
687 2583 951 2665 permutationem
975 2585 1140 2668 spectasse,
1165 2587 1223 2652 etsi
1246 2587 1372 2672 longum
1395 2589 1443 2652 est

218 2688 295 2752 hanc
328 2688 517 2752 sententiam
548 2686 720 2752 accuratius
751 2687 811 2764 hoc
838 2688 906 2751 loco
937 2689 1151 2766 comprobare,
1184 2690 1292 2753 contra
1316 2689 1439 2754 Ditten-

218 2790 384 2874 bergerum
399 2807 435 2854 ac
447 2789 648 2855 Blaschkium
664 2807 736 2854 oum
749 2789 914 2867 Boeelrhio,
938 2789 1132 2854 Thalhaimio
1155 2791 1286 2874 aliisque
1301 2793 1442 2858 statuen-

219 2895 293 2957 dum
315 2891 457 2959 arbitror.
775 2904 778 2913 '

614 3045 700 3130 Cap.
722 3045 781 3111 ΙΙΙ.
820 3045 872 3111 De
895 3045 1050 3110 militia.

322 3183 400 3250 Cum
417 3203 554 3263 munera,
579 3184 744 3266 dequibus
764 3166 828 3264 iam
844 3183 1048 3265 exposuimus,
1073 3170 1276 3250 facultatibus
1298 3185 1447 3268 imposita

220 3289 297 3367 sint,
321 3306 420 3352 unum
442 3289 554 3367 restat,
574 3272 659 3369 'quod
681 3287 777 3352 etiam
800 3288 839 3352 ad
862 3287 1003 3354 homines
1026 3287 1109 3368 ipsos
1132 3287 1300 3369 pertinuit,
1331 3307 1442 3353 munus

221 3391 366 3470 militiae,
401 3391 451 3456 cui
480 3390 563 3455 ciues
592 3390 742 3469 uniuersi,
776 3390 879 3455 minus
910 3406 1003 3472 quam
1026 3391 1187 3472 sexaginta
1209 3409 1304 3456 annos
1327 3389 1440 3474 nati³),

221 3491 472 3578 obligabantur⁴l
497 3495 630 3576 exceptis
658 3494 712 3580 iis,
748 3495 800 3574 qui
829 3492 958 3556 inutiles
982 3495 1071 3556 eraut
1093 3493 1131 3556 ad
1156 3511 1256 3574 arma,
1293 3511 1328 3558 ac
1352 3511 1440 3574 prae-

326 3683 344 3746 ¹)
364 3680 439 3735 Deru.
458 3679 531 3747 XXI,
551 3680 615 3746 1713
636 3679 786 3734 Tittmann.
806 3679 825 3731 l.
844 3694 865 3733 c.
885 3694 908 3746 p.
928 3677 986 3732 336.

324 3769 345 3836 ²)
364 3765 445 3820 Wolf.
464 3767 534 3821 Prol.
554 3766 604 3820 124
621 3779 675 3833 sq.;
703 3763 816 3818 Boeckh.
835 3764 853 3819 l.
872 3779 893 3818 c.
911 3762 933 3830 Ι,
953 3765 1016 3828 599;
1035 3763 1099 3829 692,
1124 3763 1273 3828 tle-uem
1300 3763 1444 3818 Hermann.

221 3857 239 3908 1.
252 3871 274 3909 c.
293 3855 315 3919 I,
335 3853 523 3920 162,18-Ιθ;
549 3851 721 3906 Schoemann.
739 3852 852 3919 Antiqu.
870 3851 921 3904 329
939 3866 965 3904 u.
978 3849 1020 3914 20,
1039 3849 1138 3903 Philol.
1158 3850 1179 3916 Ι,
1199 3850 1262 3916 lam
1283 3845 1444 3904 Vollbreoht.

222 3939 320 3994 Philol.
339 3940 372 4006 ΙΙ,
393 3939 456 4005 roe,
474 3937 674 4008 Dittenberger.
695 3935 798 3990 „Ueber
816 3935 865 3989 den
880 3935 1135 4003 Vermdgenstausch
1155 3935 1210 3989 und
1229 3935 1271 3989 die
1285 3936 1447 3990 Trierarchie

222 4025 266 4079 des
283 4025 486 4079 Demosthenem
506 4023 700 4088 Rudolstadtii,
720 4021 802 4088 1872,
820 4022 950 4076 Blaschlre
970 4023 1023 4075 „De
1042 4022 1157 4076 antidosi
1176 4023 1246 4090 apud
1257 4023 1444 4077 Atheniensess

221 4112 348 4178 Berolini,
367 4111 449 4172 18763
467 4109 615 4164 l'halheim.
633 4125 693 4163 ann.
712 4108 803 4178 philol.
823 4107 893 4163 CXV
911 4123 935 4176 p.
954 4109 1005 4162 613
1023 4123 1079 4176 sqq.

326 4192 523 4264 puerinon,
543 4197 589 4250 11:
618 4197 649 4250 ἐκ
676 4199 727 4262 τῆς
754 4195 902 4260 ἀπομάχου
930 4193 1038 4260 ἡλικίας
1057 4223 1089 4232 -
1108 4194 1138 4247 ἐκ
1165 4199 1216 4260 τῆς
1243 4195 1444 4262 ἀςτρατεύτου,

223 4269 293 4352 deep
312 4286 364 4338 τὸν
383 4285 551 4349 κατάλογον,
570 4283 642 4350 ὑπὲρ
661 4283 697 4335 τὰ
717 4282 853 4348 ἑξήκοντα
872 4281 1001 4345 γεγονὼς
1020 4281 1078 4345 ἔτη.
1274 4306 1276 4311 -

327 4371 345 4434 ⁴)
366 4369 406 4424 Cf.
425 4369 569 4422 Hermann.
589 4369 606 4421 l.
621 4383 642 4421 c.
663 4367 682 4434 I,
698 4367 754 4432 123,
769 4369 813 4432 113
835 4367 890 4429 108,
906 4365 950 4430 14,
970 4365 1081 4421 Boeclrh.
1101 4365 1153 4420 l.‘c,
1172 4365 1193 4431 l,
1212 4367 1264 4420 649·
1280 4383 1332 4434 sq.;
1352 4365 1445 4420 Schoe-

222 4472 311 4509 manu.
332 4456 443 4523 Antiqu.
462 4456 519 4511 253.
