3232 5044
668 291 876 356 -6ρ-

158 496 229 546 vero
252 478 286 543 et
301 477 378 557 seni,
401 495 477 560 quos
499 477 673 561 Hyperides
695 478 793 544 altero
816 479 883 543 loeo
906 478 1137 557 commemorat,
1160 483 1192 544 et
1213 479 1285 546 deni
1307 481 1384 561 seni,

154 585 194 649 de
209 580 323 664 quibus
338 579 561 646 Demosthenes
583 579 773 646 mentionem
795 580 870 646 feeit
896 583 1143 664 (conueheret)
1156 580 1190 663 ¹),
1214 581 1275 664 ipsi
1290 583 1385 649 susti-

157 684 295 751 nuerunt
315 681 472 766 impendia
494 683 528 748 iu
548 682 683 766 siugulis
705 682 887 748 triremibus
909 685 1090 749 neeessaria.

259 788 367 868 Atque
381 784 420 851 ob
435 785 515 850 hano
535 785 637 869 ipsam
654 804 722 852 rom
736 785 900 852 offensioni
922 803 988 852 esse
1010 786 1128 868 nequit,
1152 788 1234 868 quod
1250 790 1386 854 sedecim

157 889 286 956 illorum
316 889 539 972 (ςυιτεῖιῖιν)
564 906 712 954 numerus
741 907 802 954 non
832 888 965 956 afficitur
993 907 1123 954 numero
1153 907 1386 975 sexagenorum,

160 1011 196 1058 ex
218 992 331 1075 quibus
353 1009 554 1073 unaquaeque
579 991 693 1074 uiginti
715 988 1039 1074 symmoniarum')
1064 990 1241 1072 oonstabat,
1270 1012 1385 1076 aequa·

157 1095 265 1162 biliter
286 1095 320 1158 iu
335 1097 438 1176 partes
461 1093 569 1172 diuiso,
591 1092 747 1176 simulque
769 1094 942 1161 ostenditur
963 1094 1151 1160 reiciendum
1174 1113 1242 1161 esse
1266 1095 1385 1180 opinio·

157 1216 230 1264 nem
251 1197 411 1276 Boeolrhii,
434 1215 488 1280 per
509 1214 542 1260 se
563 1213 627 1260 non
647 1195 849 1279 probabilem,
873 1197 927 1281 qui
948 1195 1019 1264 Οοο.
1043 1197 1104 1264 oir.
1119 1197 1198 1263 Aah.
1213 1199 1245 1277 I,
1268 1218 1298 1282 p.
1322 1198 1386 1264 725

160 1301 199 1365 de
221 1301 328 1365 eadem
350 1319 384 1364 re
399 1300 492 1365 hoooe
514 1301 604 1364 modo
628 1299 792 1364 disseruit:
819 1300 887 1365 nDa
908 1299 993 1366 diese
1007 1301 1086 1367 Zahl
1110 1301 1188 1384 (soil.
1207 1301 1259 1383 16)
1284 1302 1317 1366 in
1335 1301 1385 1366 die

161 1402 349 1486 Verfaseung
377 1403 432 1467 der
454 1403 592 1486 uuanuig
614 1401 807 1486 Symmorieu
829 1421 867 1468 zu
888 1402 1013 1486 seohzig
1033 1401 1157 1486 defen
1179 1403 1265 1470 maht
1286 1407 1383 1488 passt,

87 1509 92 1520 '
161 1523 245 1572 musa
274 1524 349 1571 man
380 1506 536 1572 entueder
564 1505 634 1571 eine
655 1505 815 1588 gamitone
838 1504 1063 1590 Verhnderung
1085 1506 1139 1572 der
1161 1506 1289 1573 inueren
1311 1507 1386 1572 llin-

157 1608 303 1693 theilung
336 1611 390 1674 der
422 1607 656 1674 uudlihundert
677 1607 896 1674 'Iheilnehmer
929 1607 1116 1688 aunehmen,
1150 1608 1266 1677 uelohe
1297 1611 1386 1677 nieht

155 1712 413 1778 wahrsoheiulieh
443 1714 500 1795 ist,
534 1713 606 1778 oder
635 1713 704 1778 eine
726 1712 943 1797 Vermehrung
973 1714 1028 1778 der
1054 1712 1176 1778 Anunhl
1205 1713 1263 1779 auf
1292 1713 1384 1786 1280,

154 1815 229 1880 odor
251 1815 360 1898 irgend
383 1815 450 1880 eine
471 1815 584 1881 andere
604 1815 765 1882 Auslrunlt
785 1815 905 1881 treden.
930 1813 1029 1880 Sollte
1051 1832 1125 1880 man
1148 1814 1245 1894 nieht,
1268 1818 1309 1883 da
1330 1819 1386 1882 uir

154 1937 217 1984 nur
246 1918 337 1984 einen
358 1917 451 1984 Theil
481 1921 535 1985 des
557 1921 704 1988 Gesatnes
734 1918 852 1996 haben,
885 1918 1060 1984 annehmen
1088 1919 1213 2000 ddrlen,
1245 1938 1277 1984 es
1300 1920 1384 1985 seien

154 2020 240 2086 uooh
263 2021 462 2087 uesentliohe
477 2024 605 2088 Zusatze
627 2021 718 2090 dahel
740 2041 892 2107 genesen,
917 2022 1029 2087 uelehe
1051 2021 1109 2088 den
1133 2022 1209 2090 Sinn
1232 2023 1296 2090 eret
1318 2024 1385 2091 auf·

154 2123 302 2190 hlarteu?
333 2124 486 2191 Sollten
509 2126 621 2192 nioht
643 2127 740 2192 etna
762 2125 824 2192 die
846 2123 1053 2208 Syntelien
1075 2143 1170 2191 zuar
1192 2145 1261 2191 nur
1282 2125 1385 2192 funf-

153 2227 252 2291 zehn
273 2227 389 2292 Manu
415 2229 525 2294 starls
550 2246 726 2313 genesen
748 2227 847 2307 sein,
878 2228 947 2292 nie
968 2225 1027 2292 sie
1049 2228 1145 2294 naoh
1166 2228 1385 2313 Hyperides

153 2350 297 2408 waren,
320 2329 1193 2415 wenngleiehsiebeiLetzteremSymmorien
1216 2331 1386 2409 heissen,

155 2435 248 2500 aber
269 2453 314 2498 uu
336 2436 470 2500 diesen
499 2433 688 2501 fdnfzehn
717 2451 783 2499 aus
814 2434 921 2498 einer
952 2435 1098 2499 andern
1120 2431 1299 2518 Syntelie
1322 2435 1384 2499 ab·

151 2536 348 2602 siohtlioh
369 2536 427 2602 als
447 2535 726 2602 Theilnehmer
748 2535 1008 2620 hinzugeltlgt
1029 2536 1183 2602 worden
1204 2537 1302 2616 sein,
1325 2556 1385 2601 um

152 2639 454 2708 unrechtliohee
476 2642 693 2708 Verlahreu
722 2643 792 2708 der
824 2643 865 2710 15
890 2640 1166 2708 verbundeuen
1189 2639 1385 2707 Genossen

152 2763 199 2808 zu
222 2744 413 2810 verhdten
446 2747 520 2813 und
549 2746 666 2811 ihnen
697 2747 914 2832 gleichsam
943 2762 1025 2810 num
1047 2743 1385 2832 degensohreiher

153 2866 203 2940 zu⁸
219 2847 438 2930 dienenw)

257 2950 299 3016 Et
331 2950 430 3017 altera
461 2954 557 3018 etiam
589 2952 689 3018 exstat
719 2953 867 3018 Boeolrhii
900 2953 1070 3032 sententia,
1103 2972 1197 3035 quam
1231 2951 1384 3038 corrigen-

153 3055 227 3118 dam
255 3071 320 3118 esse
349 3054 494 3136 equidem
523 3055 617 3138 putu
645 3072 724 3136 quae
746 3056 829 3120 enim
850 3054 1024 3138 Hyperides
1046 3073 1082 3120 ao
1104 3054 1324 3121 Demosthenes
1346 3055 1385 3120 de

151 3175 283 3221 numero
312 3175 419 3222 eorum
447 3159 591 3236 narrant,
624 3156 737 3239 quibus
767 3157 909 3241 singulae
935 3175 1030 3223 naves
1059 3161 1133 3223 suut
1155 3157 1305 3235 traditae,
1339 3157 1386 3232 ita

153 3258 298 3342 explieat,
320 3261 366 3342 ut,
391 3278 452 3342 qno
467 3261 573 3343 plures
595 3260 739 3325 triremes
759 3278 837 3343 opus
859 3259 986 3339 luerint,
1009 3279 1044 3326 eo
1059 3259 1221 3343 pauoioras
1243 3260 1387 3342 opinetur

152 3361 187 3427 in
209 3380 323 3427 munus
354 3363 519 3430 adstrictos
546 3383 611 3430 esee
634 3363 675 3429 ad
696 3363 837 3448 singulae
866 3382 961 3430 naves
992 3363 1167 3446 pertinens,
1200 3363 1295 3445 atque
1325 3362 1386 3428 elio

153 3465 296 3547 ternpore
310 3465 343 3530 in
359 3483 541 3550 unoquoque
563 3466 706 3551 eollegiq
728 3485 789 3550 qua
804 3484 878 3532 vooe
892 3465 950 3532 hoe
972 3465 1097 3550 quidem
1120 3465 1188 3532 loeo
1210 3466 1387 3532 ςυντέλειαν

150 3669 185 3725 τί
203 3671 259 3725 δεῖ
280 3675 415 3734 ποιεῖν,
443 3669 529 3723 οδδὲν
553 3667 743 3724 ἀνεξέταςταν
760 3669 822 3724 οὐδ’
840 3667 973 3737 ἀδριςτον
991 3668 1023 3722 ἐν
1039 3669 1155 3724 τούτοις
1178 3669 1330 3736 ἠμέληται,
1355 3668 1386 3722 ἐν

151 3757 185 3810 δὲ
202 3761 265 3810 τοῖς
291 3757 356 3824 περὶ
381 3759 435 3808 του
460 3754 587 3819 πολέμου
613 3757 660 3808 καί
678 3759 714 3823 τη
733 3755 841 3809 τούτου
868 3759 1032 3823 παραςκευῇ
1060 3755 1184 3818 ἄτακτα,
1215 3753 1387 3822 ἀδιόρθωτα,

151 3841 270 3911 δόριςτα
296 3841 418 3896 ἅπαντα.
447 3844 646 3908 τοιγαροῦν
676 3840 744 3905 ἅμα
771 3839 977 3907 ἀκηκόαμέν
1003 3857 1036 3894 τι
1062 3842 1120 3894 καὶ
1147 3840 1386 3908 τριηράρχους

151 3926 369 3991 καθίςταμεν
390 3928 437 3980 καὶ
453 3926 568 3980 τούτοις
586 3925 742 3980 ἀντιδόςεις
759 3927 925 3992 ποιούμεθα.

254 4013 275 4076 ¹)
293 4010 726 4074 hominumhoininum
745 4011 841 4078 ἐφάνη
859 4011 1031 4080 τριήραρχοι
1049 4011 1067 4066 δ
1084 4015 1138 4078 τῆς
1157 4013 1220 4075 μιᾶς
1238 4009 1319 4064 ἕκτος
1337 4011 1385 4062 και

150 4099 272 4154 δέκατος
294 4098 437 4166 πρότερον
460 4097 608 4164 morellio
637 4097 705 4152 οὐδὲ
728 4097 785 4166 γὰρ
808 4097 999 4166 τριηράρχους
1021 4097 1064 4150 ἔτι
1082 4095 1233 4160 ὠνόμαζον
1254 4094 1384 4155 ἑαυτούς,

150 4183 224 4239 ἀλλὰ
242 4181 488 4249 condatem,
503 4183 567 4238 155:
585 4182 743 4238 διακοςίοος
761 4185 809 4237 καῖ
820 4181 926 4250 χιλῖους
943 4182 1117 4248 πεποιήκατε
1135 4183 1278 4236 ςυντελεῖς
1295 4181 1385 4244 ὑμεῖς,

148 4272 215 4339 παρ’
234 4270 278 4324 rhu
295 4267 527 4338 είςπραττδμενοι
550 4269 694 4324 τάλαντον
710 4267 859 4322 ταλάντου
879 4271 1003 4340 μιςθουςι
1019 4268 1072 4322 τὰς
1090 4263 1277 4335 τριηραρχίας
1293 4263 1384 4318 οὗτοι

253 4354 367 4418 ²)Denr.
386 4351 458 4419 XIV,
477 4353 521 4407 l'l:
549 4355 581 4408 ὲκ
598 4353 696 4408 τοίνυν
719 4354 835 4409 τούτων
858 4355 935 4419 οἶμαι
960 4353 1021 4408 δεῖν
1043 4355 1157 4418 ποιῆται
1177 4347 1331 4418 ςυμμορίας
1348 4347 1386 4404 εἰ·

150 4455 238 4503 ιιοςιν,
255 4441 369 4509 ὥςπερ
388 4442 453 4493 νδν
469 4438 575 4504 ulcus,
594 4439 732 4506 ἑξήκοντα
750 4439 858 4506 conoe
875 4439 996 4506 ἑχουςαν
1014 4437 1142 4504 ἑκάςτην.

258 4525 280 4589 ⁸)
298 4523 339 4580 ol.
357 4525 442 4580 Insor.
461 4523 569 4578 Nautio.
588 4524 639 4578 180
655 4539 694 4593 sq.
