3232 5044
765 284 977 348 ..36-

259 473 382 537 summa
405 491 504 554 neque
526 473 626 550 certa,
650 490 748 554 neque
770 476 919 556 perpetuo
942 475 1049 537 eadem
1071 472 1167 537 fuerit
1190 491 1316 537 necesse
1339 459 1398 551 est,
1422 472 1487 555 pri-

259 595 346 639 mum
381 575 527 656 quoniam
558 593 618 640 non
641 592 745 639 omnes
768 575 923 654 εἰειρέρειν
946 575 1002 639 aut
1023 574 1160 657 profiteri
1184 575 1265 656 apud
1288 577 1488 662 symmoniam

261 676 404 742 solebant
425 678 633 758 permultique
656 679 754 756 erant,
778 680 901 760 quisue
917 678 1063 755 celarent,
1088 682 1157 742 tum
1172 679 1253 760 quod
1272 696 1334 742 non
1357 679 1488 744 stabiles

261 781 363 846 solent
385 799 451 845 esse
472 781 663 863 privatorum
686 769 862 846 facultates.
889 781 999 847 Fuisse
1022 783 1128 847 tamen
1151 767 1269 870 certam
1291 783 1379 848 illam
1403 801 1491 847 snm·

261 903 346 949 mam
376 882 461 948 6000
488 884 680 948 talentorum
713 883 872 948 delinitam
906 887 1035 965 apparet
1064 885 1296 974 esingnlarum
1330 887 1492 966 εῖεφορῶν

262 985 455 1064 definitione,
490 989 526 1051 ut
548 988 598 1052 vel
623 987 772 1066 ἑκατοετὴ
803 987 853 1051 vel
881 991 1074 1067 πεντηκοττὴ
1098 989 1148 1052 vel
1171 973 1292 1066 εῖνοετὴ
1316 989 1367 1053 vel
1388 991 1490 1054 δωδε-

262 1092 340 1169 κάτη
373 1090 562 1172 exigeretur,
598 1090 685 1154 cuins
713 1090 799 1154 modi
825 1088 1005 1155 delinitione
1032 1090 1245 1166 indicebatur,
1282 1109 1341 1172 quo
1363 1109 1492 1156 numero

263 1193 389 1258 omniuo
410 1192 567 1275 indigeret
589 1211 638 1256 res
661 1191 816 1274 publicae

365 1294 450 1374 Quae
481 1294 583 1378 opinio
613 1295 641 1359 si
670 1315 741 1360 vera
775 1295 870 1376 esset,
906 1312 965 1378 quo
997 1295 1064 1360 inre
1097 1299 1222 1379 putares
1246 1297 1492 1362 Demosthenem

264 1400 364 1465 dicere
385 1397 531 1482 potuisse,
557 1398 583 1462 si
605 1400 643 1464 τὸ
658 1401 772 1480 τίμημα
793 1401 831 1466 τὸ
853 1405 910 1480 τῆς
932 1401 1039 1480 χώρας
1055 1420 1091 1466 ox
1106 1419 1164 1466 sua
1186 1401 1311 1484 quidem
1333 1401 1494 1485 rogatione

263 1502 297 1567 in
321 1503 506 1586 symmonas
529 1502 782 1582 distribueretur,
806 1521 877 1568 oum
901 1505 1026 1568 centum
1049 1523 1142 1571 naves
1165 1506 1357 1572 exornandae
1380 1510 1493 1585 essent,

265 1623 415 1694 sexagena
444 1605 563 1670 talenta
585 1605 618 1670 in
640 1606 761 1686 partem
790 1606 884 1670 unius
913 1607 1051 1673 triremis
1080 1610 1291 1691 impensarum
1318 1610 1437 1687 uenire,
1468 1609 1496 1674 si

265 1708 429 1788 ducentae,
449 1708 580 1784 tricena,
603 1709 632 1772 si
653 1711 822 1787 trecentae,
845 1694 961 1774 vicena.
992 1709 1101 1775 Nonne
1124 1712 1151 1776 si
1175 1711 1269 1777 verba
1294 1712 1414 1788 ιιὸπιιιτ,
1437 1712 1496 1776 ἐὰν

266 1814 323 1890 μὲν
351 1812 422 1891 ὑμῖν
451 1813 565 1876 ἑκατὸν
592 1813 648 1895 δέῃ
671 1814 824 1891 τριήρων,
855 1816 911 1891 τὴν
934 1816 991 1894 μὲν
1014 1815 1334 1894 δαπάνηνὲξήκοντα
1356 1814 1497 1880 τάλαντα

266 1919 410 1997 ειιντελῇ,
439 1917 622 1994 τριήραρχοι
645 1914 674 1979 δ’
694 1915 750 1979 ιδει
773 1917 915 1981 δώδεκαν
942 1918 973 1981 et
995 1937 1045 1996 ea,
1070 1936 1147 1999 qnae
1171 1921 1333 2000 secuntur,
1357 1917 1495 2000 respicis,

267 2023 429 2102 oratorem,
454 2019 490 2083 nt
504 2019 631 2096 indicat,
656 2024 730 2101 quot
753 2037 937 2102 unoquoque
958 2023 1097 2104 tompore
1120 2021 1261 2086 homines
1283 2039 1344 2086 una
1366 2023 1498 2086 debeant

267 2122 428 2202 liturgiam
450 2122 569 2198 subire,
603 2121 648 2186 ita
671 2121 785 2186 uerbis:
822 2123 897 2202 ιιτὴν
925 2125 982 2204 μὲν
1005 2124 1150 2202 δαπάνην
1178 2125 1331 2203 ἑξήκοντα
1358 2126 1498 2190 τάλαντα

267 2230 411 2308 ευντελῇ,
438 2227 670 2305 τριάκοντα-
693 2225 714 2310 ᾖ
734 2227 873 2291 τάλαντα
895 2229 953 2306 τὴν
975 2229 1120 2306 δαπάνην
1151 2231 1372 2303 τυντελοῖιντα,
1403 2228 1499 2293 εἴκοει

267 2328 287 2410 ᾗ
310 2329 448 2393 τάλαντα
471 2331 529 2408 τὴν
551 2331 696 2408 δαπάνην
719 2330 907 2394 διαλύονται
933 2329 1105 2414 significare
1127 2349 1248 2396 necesse
1270 2335 1316 2396 est
1338 2331 1497 2414 concedar,

267 2433 383 2512 quanto
406 2449 499 2496 censu
521 2432 679 2514 impensae
701 2431 911 2497 sustineantur
934 2435 972 2498 ad
987 2434 1127 2515 singulos
1150 2451 1241 2500 naves
1266 2435 1360 2498 armis
1383 2425 1497 2498 militi-¹

266 2535 383 2616 busque
409 2534 606 2600 instruendae
635 2535 832 2616 spectantes?
869 2535 920 2597 An
944 2535 1009 2599 veri
1038 2535 1140 2601 simile
1167 2537 1292 2601 videtur
1314 2535 1498 2600 Demosthe-

267 2655 340 2701 nem
362 2673 403 2684 ·-
427 2638 530 2714 cuius,
565 2637 624 2702 etsi
654 2654 715 2701 non
736 2636 771 2699 in
794 2637 900 2700 eadem
933 2638 1077 2702 contione
1108 2639 1239 2722 populus
1264 2637 1301 2703 de
1323 2639 1381 2703 hac
1403 2659 1436 2704 re
1459 2639 1498 2704 ed

268 2739 453 2820 suffragium
476 2739 662 2817 vocabatur,
696 2739 831 2804 maxime
854 2743 936 2804 certe
958 2741 1125 2825 intererat,
1158 2757 1278 2820 omnes,
1314 2741 1367 2823 qui
1391 2742 1496 2807 audie·

269 2842 362 2921 bant,
396 2843 479 2906 recte
510 2842 648 2909 iudicare
683 2844 720 2908 de
754 2861 809 2908 sua
841 2843 938 2927 ipsius
972 2845 1131 2926 rogatione
1165 2863 1275 2928 eosque
1308 2864 1432 2910 cernere
1466 2849 1498 2910 et

269 2945 388 3022 videre,
423 2946 573 3027 quantam
602 2948 731 3030 quisque
757 2946 922 3030 pecuniam
951 2947 1084 3013 oratoris
1114 2949 1183 3032 lege
1214 2949 1344 3030 probata
1366 2949 1499 3032 pendere

269 3049 394 3114 deberet
416 3084 457 3095 -
480 3047 508 3112 si
530 3069 563 3113 re
585 3067 674 3129 rere,
698 3049 778 3132 quod
801 3049 915 3114 Bekius
940 3050 1024 3130 vult,
1055 3052 1092 3116 τὸ
1116 3053 1231 3132 τίμημα
1252 3053 1290 3118 τὸ
1313 3056 1370 3130 τῆ(
1391 3053 1500 3130 χώρας

269 3153 303 3217 in
326 3171 416 3218 omne
447 3154 571 3234 tempus
594 3153 729 3218 Athenis
758 3153 922 3218 delinitum
951 3172 1134 3236 semperque
1161 3155 1245 3220 idem
1274 3157 1371 3233 esset,
1406 3154 1500 3219 huius

270 3257 398 3322 adrem
420 3256 525 3320 minus
553 3255 687 3321 valentis
714 3274 854 3321 summae
880 3274 978 3338 neque
1000 3256 1099 3321 ullam
1121 3258 1323 3340 pecuniarum
1349 3257 1503 3322 rationem

270 3358 450 3424 habiturum
470 3359 583 3434 fuisse,
607 3378 700 3441 quas,
724 3359 802 3424 alies
824 3359 896 3448 aliis
918 3360 1123 3441 temporibus,
1147 3359 1264 3446 singuli
1285 3361 1424 3426 homines
1447 3363 1502 3425 de-

272 3462 434 3526 tulerant?

374 3563 499 3629 Similes
529 3563 733 3632 difficultates
763 3565 855 3632 huius
885 3564 1085 3648 grammatici
1109 3565 1267 3632 sententie
1295 3567 1392 3633 altero
1423 3585 1503 3649 quo·

272 3687 331 3751 que
347 3668 566 3734 Demosthenis
589 3670 656 3734 looo
678 3669 798 3746 movet3
823 3669 918 3734 verbe
940 3669 1034 3749 onim,
1059 3687 1138 3752 quae
1158 3671 1185 3754 ς.
1202 3670 1243 3734 27
1260 3670 1397 3735 erebant:
1422 3672 1504 3750 φέρε

271 3773 333 3853 γάρ
362 3772 533 3851 ἑκατοετήν
562 3793 607 3838 τιε
636 3773 791 3854 εἰεφέρειν
820 3774 885 3852 ἐρεῖ
910 3779 983 3858 νῦνς
1017 3775 1138 3841 οὐκοῦν
1166 3775 1318 3851 ἑξήκοντα
1347 3775 1504 3839 τάλαντα·

273 3877 353 3942 ἀλλὰ
381 3879 594 3955 πεντηκοετήν
622 3899 667 3942 τιε
690 3875 768 3956 ἐρεῖ,
799 3877 836 3940 τά
860 3882 1007 3962 διπλοῦν;
1043 3878 1161 3942 οὐκοῦν
1184 3875 1299 3942 ἑκατὸν
1322 3878 1373 3941 καὶ
1396 3875 1504 3942 sicori.

273 3981 323 4044 καῖ
351 3981 380 4044 τί
410 3981 496 4045 τοῦτ’
527 3981 589 4046 terr
619 3981 700 4059 apoc
731 3978 888 4045 διακοείαε
917 3983 967 4045 καὶ
994 3983 1091 4060 χιλίας
1119 3981 1292 4060 καμήλους,
1325 3979 1362 4044 δῖε
1385 3983 1503 4059 βαειλεῖ

272 4085 313 4149 τὰ
335 4084 467 4164 ηρήματ>
491 4083 576 4160 ἄγειν
598 4084 693 4162 pusio
715 4082 819 4160 οὖτοι;
844 4081 924 4149 ἀλλὰ
946 4088 1004 4159 θῶ,
1028 4085 1192 4164 βούλεεθε,
1215 4083 1400 4160 δωδεκάτην
1421 4082 1507 4161 ἡμᾶς

274 4187 427 4264 εἰεαίεειν,
458 4187 647 4252 πεντακόεια
675 4186 830 4270 τάλαντας
864 4186 942 4252 ἀλλ’
971 4187 1053 4251 οὔτ’
1076 4187 1121 4252 ἂν
1144 4186 1394 4265 ἀνάεχαιεθε,
1425 4185 1506 4262 οὔτ’,

274 4291 302 4356 εἰ
335 4295 514 4367 καταθεῖτε,
549 4289 618 4358 ἄξια
649 4294 707 4355 τοῦ
739 4292 878 4370 πολέμου
907 4291 947 4355 τὰ
975 4290 1119 4370 χρήματα
1147 4293 1178 4355 et
1206 4289 1240 4355 iu
1267 4289 1376 4373 primis
1398 4286 1507 4366 verba,

274 4411 353 4474 quae
376 4394 505 4459 exeunte
528 4392 683 4458 sententia
705 4393 810 4476 posuit
831 4393 1067 4474 Demosthenes,
1092 4394 1137 4461 ita
1159 4397 1231 4460 suut
1255 4392 1443 4476 comparata,
1467 4392 1508 4455 ut

275 4497 428 4578 oratorem
458 4515 709 4579 unumquemque
737 4515 772 4562 er
794 4498 847 4574 iis,
878 4498 931 4579 qui
960 4497 1144 4581 audiebant,
1177 4497 1204 4564 si
1226 4498 1384 4562 decretum
1411 4494 1507 4580 osset,
