3194 5060
745 237 965 303 ‚46-

237 425 457 491 mittebantur.
480 422 630 506 Quamuis
652 441 724 489 varo
749 425 788 488 ad
811 423 992 489 sustinenda
1020 425 1113 490 huius
1144 425 1291 511 liturgiae
1312 427 1470 511 impendia

238 545 288 593 ros
314 527 441 609 publica
469 529 630 610 pecuniam
652 527 741 591 daret
751 525 774 607 ¹)
801 529 833 592 at
856 513 1049 610 compararet
1071 546 1160 608 vasa,
1194 547 1272 612 quae
1292 531 1327 595 in
1347 533 1470 614 pompis

239 627 488 714 gestaremus,
522 631 629 696 tamen
650 629 734 696 haud
758 630 887 716 exiguae
910 630 1222 711 oecumenicorum,
1257 651 1333 715 quus
1355 635 1382 699 is
1403 635 1471 718 ipse

240 734 454 813 consumebat,
478 735 528 799 oui
549 733 607 799 hoc
629 749 743 798 munus
767 735 834 798 erat
855 732 1047 799 iniunctum:
1075 751 1148 800 nam
1170 737 1207 800 ut
1228 737 1292 802 alia
1313 737 1470 815 omittam,

240 841 272 904 et
290 838 340 902 sui
362 838 468 921 ipsius,
490 835 714 920 utlagationis
736 835 901 920 principis,
927 837 960 902 st
981 836 1081 919 chori,
1104 838 1159 921 qui
1180 857 1242 904 una
1264 857 1336 906 oum
1357 842 1471 925 legatis

240 939 468 1041 mittehatnr⁸)‚
492 941 620 1005 ornatus
641 959 731 1006 curae
754 941 782 1006 ei
804 937 909 1024 fuit4).
935 938 1031 1005 ouius
1053 940 1099 1006 rei
1121 945 1265 1026 sumptus
1286 945 1470 1028 magnitudo

242 1063 276 1110 eo
298 1043 459 1109 difficilius
480 1045 623 1108 accurate
646 1043 749 1127 potest
771 1041 908 1121 definiri,
936 1062 1007 1108 cum
1029 1061 1107 1121 nno,
1130 1046 1185 1126 qui
1206 1045 1245 1110 ad
1267 1065 1334 1112 rem
1356 1047 1470 1128 ualeat,

240 1148 317 1228 loco,
341 1148 451 1231 Lysiae
466 1145 551 1224 XXI,
568 1148 598 1225 5,
622 1147 676 1229 qui
691 1147 862 1212 orationem
885 1145 1005 1228 habuit,
1028 1147 1060 1212 in
1077 1147 1258 1214 uniuersum
1281 1149 1424 1216 tradatur
1436 1151 1470 1216 in

241 1251 302 1315 heo
321 1249 465 1332 liturgia,
489 1249 703 1332 arrhephoria,
728 1248 860 1331 aliisque
881 1249 973 1314 huius
995 1250 1080 1316 modi
1101 1252 1281 1320 muneribus
1304 1253 1376 1335 plus
1399 1271 1471 1320 con-

243 1355 360 1420 locasss
381 1351 515 1436 triginta
535 1352 641 1420 minis.
786 1419 789 1428 ,

344 1455 406 1536 Qui
434 1455 513 1522 huuc
540 1455 704 1539 liturgiam
735 1455 892 1533 subirent,
926 1456 1106 1525 archontem
1133 1458 1199 1524 veri
1227 1457 1329 1528 simile
1350 1463 1398 1527 est
1420 1461 1475 1526 do·

243 1561 392 1644 signasse,
416 1559 467 1626 cui
489 1576 663 1644 cognomen
687 1560 831 1639 βαειλεύε
853 1558 961 1640 eratll,

345 1681 376 1760 ἓ.
392 1681 422 1746 9.
446 1682 514 1748 Iam
529 1678 566 1744 de
582 1680 711 1762 reliquis
728 1679 866 1764 liturgiis
880 1680 983 1746 minus
1002 1681 1084 1747 notis
1107 1681 1298 1766 minorisque
1319 1685 1472 1750 momenti

243 1803 340 1868 pauca
368 1803 439 1849 sum
468 1784 678 1867 expositurus,
712 1783 895 1866 priusquam
924 1783 1138 1866 quaestionem
1167 1786 1206 1850 de
1234 1785 1328 1850 huius
1359 1786 1473 1868 speciei

245 1889 361 1954 civium
383 1887 626 1953 Atheniensium
649 1885 759 1952 officiis
782 1885 950 1952 absolvam.

347 1991 398 2058 Ad
413 1992 665 2075 promunturium
681 1991 812 2058 Sunium
827 1990 935 2073 quinto
950 2007 1070 2074 quoque
1086 1989 1198 2076 anno⁰)
1215 1994 1246 2058 et
1261 1993 1294 2058 in
1309 1991 1472 2078 Piraeoo⁷)

247 2110 449 2120 ...α-

247 2149 371 2202 έταξεν
394 2147 431 2200 ἐν
456 2151 497 2214 τῇ
523 2143 672 2213 μαντείᾳ
695 2145 735 2198 τὸ
758 2145 898 2210 ἄγαλμα
921 2148 984 2211 τῆς
1002 2143 1145 2211 Διώνη(
1171 2145 1405 2211 ὲπικοεμῆεαι
1429 2148 1477 2199 καὶ

245 2238 327 2301 ὑμεῖε
350 2234 504 2303 πρόεωπὸν
521 2250 553 2287 τε
571 2233 756 2298 ποιηεάμενοι
777 2233 817 2284 ὼε
835 2229 896 2284 οἷόν
914 2247 947 2285 τε
964 2231 1112 2285 κάλλιετον
1136 2233 1182 2283 καί
1207 2231 1296 2284 τᾶλλα
1319 2232 1414 2285 πάντα
1439 2233 1476 2284 τὰ

247 2322 389 2374 ἀκόλουθα
406 2319 452 2372 καί
469 2319 574 2384 κόεμον
591 2319 682 2372 πολὺν
700 2320 747 2371 καί
766 2320 909 2384 πολυτελῆ
921 2321 957 2384 τῇ
971 2319 1029 2384 θεῷ
1047 2317 1312 2385 παραεκευάεαντεε
1331 2319 1377 2370 καί
1395 2319 1477 2371 θεω·

247 2407 327 2476 ρίαν
345 2406 392 2459 καί
409 2403 507 2460 θυείαν
523 2407 638 2459 πολλῶν
654 2403 813 2471 χρημάτων
833 2400 1113 2456 ἀποετείλαντεε
1135 2402 1341 2469 ἐπεκοεμήεατε
1359 2403 1394 2457 τὸ
1412 2403 1476 2456 ἔδαε

246 2497 298 2559 τῆε
317 2493 441 2558 Διώνηε.
1033 2501 1034 2506 ’

352 2581 372 2640 ¹)
390 2576 506 2638 Boeckh.
524 2576 541 2630 l.
561 2593 583 2630 c.
601 2573 636 2640 11,
654 2575 690 2629 95
708 2577 743 2644 (ξ.
780 2576 804 2640 ):
822 2575 1022 2643 Ἀρχιθεωροῖε
1040 2573 1115 2625 Τ-

351 2666 372 2731 ²)
389 2662 518 2720 Andocid.
535 2662 582 2728 IV,
600 2663 649 2716 29:
675 2662 858 2726 concussio
886 2661 963 2730 παρὰ
991 2663 1052 2713 τῶν
1078 2659 1261 2728 ἀρχιθεωρῶν
1287 2659 1475 2728 αίτηεάμεναε

247 2754 287 2805 ὼε
305 2750 344 2805 εἰε
366 2749 509 2805 τάπινίκια
526 2754 562 2817 τῇ
580 2747 737 2817 προτεραίᾳ
761 2751 815 2814 τῆε
837 2745 933 2800 θυείαε
954 2747 1128 2814 χρηεόμενοε
1151 2745 1311 2811 ἐξηπάτηεε
1334 2747 1380 2800 καὶ
1407 2748 1474 2801 ἀπο-

249 2840 348 2892 δοῦναι
371 2835 424 2890 οὐκ
446 2837 543 2902 ἤθελε,
570 2833 741 2901 βουλόμενα(
759 2839 794 2901 τῇ
812 2831 947 2902 υετεραίᾳ
964 2831 1105 2900 πρότεροι
1122 2835 1176 2898 τῆς
1193 2833 1304 2886 πόλεωε
1321 2832 1475 2900 χρήεαεθαι

248 2929 309 2978 τοῖο
337 2927 450 2992 χρυεοίο
473 2920 620 2990 χερνιβίοιε
643 2923 688 2973 καί
711 2918 918 2987 θυμιατηρίοιε·
943 2919 1004 2972 teon
1023 2919 1073 2983 μὲν
1092 2917 1143 2971 οῦν
1167 2921 1228 2971 τῶν
1252 2918 1341 2972 ξένων
1366 2919 1403 2984 μὴ
1423 2919 1477 2985 ἐγί-

249 3026 379 3076 γνωεκον
397 3009 523 3076 ἡμέτερα
541 3008 621 3073 ὄντα,
640 3008 694 3073 τὴν
711 3007 828 3072 πομπὴν
845 3007 900 3070 τὴν
919 3005 1017 3070 κοινὴν
1036 3005 1160 3072 ὁρῶντε(
1177 3003 1300 3070 ὑετέραν
1319 3004 1406 3058 οίιεαν
1424 3008 1476 3070 τῆε

248 3095 424 3163 Ἀλκιβίαδου
441 3101 504 3149 uoto
521 3095 626 3148 τούτου
645 3093 793 3158 πομπείοιε
810 3093 927 3159 χρῆεθαι
945 3091 1074 3155 ἐνόμιζον
1093 3089 1167 3155 ἠμᾶε
1185 3091 1236 3144 eto.

353 3183 374 3252 ¹)
393 3181 514 3251 Xenoph.
527 3180 607 3234 Mem.
625 3179 676 3238 111.
697 3179 770 3245 3,12
788 3177 830 3244 (cf.
850 3193 874 3246 p.
892 3177 925 3230 97
943 3193 969 3229 n.
988 3175 1016 3237 4)
1035 3179 1062 3228 et
1074 3174 1193 3244 Thucyd.
1211 3174 1261 3234 111,
1281 3173 1338 3239 104,
1351 3175 1381 3228 6:
1400 3178 1476 3230 ὕετε-

249 3287 301 3339 ραν
320 3271 350 3323 δὲ
368 3271 437 3323 τοὺ(
464 3271 516 3334 μὲν
541 3270 645 3336 χοραὺε
663 3265 690 3320 οἱ
708 3270 846 3333 νηειῶται
872 3265 918 3316 καί
936 3261 964 3316 ot
980 3261 1126 3328 Ἀθηναῖοι
1154 3263 1213 3326 μεθ’
1239 3261 1325 3329 ἱερῶν
1352 3262 1477 3335 ἔπεμπον

250 3354 319 3421 (scil.
333 3354 371 3409 είε
384 3355 499 3421 Δῆλον),
517 3354 553 3407 τὰ
570 3355 600 3407 δὲ
612 3354 676 3420 περὶ
695 3352 809 3416 ἀγῶνοε
826 3352 872 3402 καί
890 3349 927 3403 τὰ
945 3350 1061 3402 πλείετα
1079 3347 1221 3414 κατελύθη
1240 3347 1296 3401 ὑπὸ
1316 3351 1478 3414 ευμφορῶν,

252 3443 292 3495 ὼε
310 3439 395 3504 είκόε,
421 3443 489 3509 πρὶν
508 3442 543 3506 δὴ
563 3440 589 3492 ot
606 3439 752 3504 Ἀθηναῖοι
775 3437 843 3490 τότε
866 3436 919 3489 τὸν
942 3434 1042 3499 ἀγιίινα
1067 3433 1200 3499 ἐπαίηεαν
1218 3435 1263 3486 καί
1282 3431 1477 3501 ίπποθρομίαε,

251 3528 268 3582 ὃ
285 3529 429 3595 πρότερον
448 3526 500 3580 οὐκ
518 3527 562 3592 ἦν.

355 3614 375 3678 ⁴)
392 3609 529 3665 Plutarch.
549 3607 842 3672 ottinvillae:
861 3608 907 3671 ἅμ’
924 3605 1017 3674 ἡμέρᾳ
1035 3606 1089 3672 τήν
1108 3623 1139 3660 τε
1157 3607 1274 3670 πομπὴν
1292 3610 1334 3672 τῷ
1354 3608 1412 3674 θεῷ
1430 3607 1477 3658 καί

250 3701 303 3755 τὸν
320 3699 408 3766 χορὸν
430 3699 510 3764 ἄγων
528 3696 737 3762 κεκοεμημένον
757 3695 921 3748 πολυτελῶε
939 3694 985 3745 καί
1003 3693 1112 3758 ᾄδοντα
1130 3691 1176 3744 διὰ
1192 3694 1245 3757 utic
1262 3692 1393 3758 γεφύραε
1412 3690 1476 3745 ἀπε-

252 3786 346 3854 βίβαζε
366 3784 434 3851 (ecil.
455 3781 568 3846 Νικίαελ,
588 3781 620 3833 οί.
640 3781 664 3848 ς.
682 3779 708 3832 4.

244 3881 247 3887 '
356 3872 376 3938 ⁵)
395 3869 437 3926 (li.
450 3869 525 3922 Dem.
537 3865 660 3932 XXXIX,
674 3867 703 3920 9:
722 3864 750 3919 τί
763 3865 802 3929 δέ,
822 3865 857 3918 ἂν
870 3864 940 3930 ἄλλη
953 3879 995 3917 τιε
1008 3863 1080 3930 ἀρχὴ
1099 3864 1214 3929 καθιετῇ
1233 3860 1273 3916 είε
1291 3861 1477 3929 λειτουργίαν,

253 3959 313 4015 οίον
331 3961 429 4029 ἄρχων
448 3956 582 4024 βαειλεὺε,
601 3953 760 4015 ἀθλοθέται,
779 3950 807 4005 τί
827 3955 944 4017 εημεῑαν
962 3950 1046 4012 ἔεται,
1064 3947 1188 4015 πότερον
1205 3951 1377 4010 anticrucem

356 4045 376 4111 ⁶)
395 4041 493 4097 Herod.
512 4040 557 4106 VI,
575 4040 622 4094 87:
641 4040 687 4093 καὶ
704 4039 741 4104 ἦν
758 4037 813 4104 γὰρ
833 4036 868 4101 δὴ
886 4039 959 4088 ποίει
976 4031 1146 4100 Ἀθηναίαιει
1163 4036 1330 4101 πεντετηρίε
1348 4034 1393 4088 ἐπὶ
1412 4034 1478 4087 Σαυ

252 4132 319 4201 νίῳ,
342 4131 513 4198 λοχήεαντεε
539 4127 581 4181 ὡν
604 4128 659 4193 τὴν
682 4122 808 4193 θεωρίδα
830 4122 882 4175 νέα
905 4119 981 4175 εἷλον
1004 4119 1113 4187 πλήρεα
1139 4119 1253 4188 ἀνδρῶν
1275 4124 1336 4174 τῶν
1353 4121 1479 4188 πρώτων

252 4217 429 4285 Ἀθηναίιυν;
449 4214 483 4269 οί.
501 4213 675 4267 Schoemann.
694 4226 783 4279 opusc.
802 4208 824 4274 1,
842 4208 902 4261 315.

359 4303 379 4371 7)
398 4299 538 4356 Plutarch.
556 4298 606 4352 uit.
626 4296 659 4361 X,
676 4296 718 4361 32,
738 4296 768 4349 b:
788 4296 804 4348 ὁ
822 4294 869 4347 coc
888 4293 919 4346 δὲ
937 4293 1043 4357 τύμβοε
1062 4290 1093 4343 ὲν
1111 4293 1190 4359 καλῷ
1208 4290 1384 4356 κεχωεμὲνοε

507 4390 569 4439 τοῑε
587 4384 718 4451 ἐμπὸραιε
736 4381 888 4448 πρὸερηειε
907 4378 985 4431 ἔεται
1002 4379 1160 4442 πανταχοῦ,

507 4473 558 4525 otc
575 4469 748 4524 ἐκπλέοντά(
766 4469 791 4520 τ’
809 4464 989 4520 εἰεπλέαντάε
1006 4466 1032 4517 τ’
1050 4463 1162 4530 ὄψεται,

507 4558 644 4624 χώπόταν
662 4555 751 4620 ἅμιλλ’
769 4553 787 4621 ᾖ
805 4555 867 4605 roc
885 4554 967 4613 νεῶν,
986 4549 1123 4605 θεάεεται.
