3194 5060
778 277 1011 342 -124-

284 481 424 550 unquum
443 465 476 529 id
499 465 598 532 luisse
628 465 818 549 pernegavit
854 465 1050 548 Seripterum
1078 469 1186 533 eutem
1215 467 1300 532 selus
1331 470 1381 532 est
1403 466 1515 534 Deme·

282 570 423 648 selenos,
452 587 489 634 ex
507 569 598 634 euius
620 584 681 636 nno
702 569 770 633 loeo
793 569 869 633 oseti
893 568 1012 651 eliqnid
1035 569 1074 635 de
1096 569 1154 635 hee
1175 587 1209 635 re
1231 569 1377 636 eenelndi
1396 571 1506 652 potest:

283 672 430 756 Leptines
446 671 530 737 enim
551 672 696 752 eusdem,
717 672 754 736 ut
769 671 969 736 sollemnium
991 670 1194 756 liturgiarum
1215 673 1401 739 immunitus
1425 673 1513 739 tolle·

283 783 378 853 retur,
401 773 435 838 id
456 774 565 853 etiem,
587 790 648 856 quo
669 773 817 856 preberet
836 791 926 840 suom
948 775 1150 859 rogationem,
1165 774 1343 854 sostendit,
1371 778 1513 860 pecunius

284 878 318 942 in
332 878 410 942 hese
431 895 563 944 munere
582 879 809 944 oensumendes
823 880 864 944 ed
877 895 965 944 seem
986 879 1135 963 spectare
1147 879 1296 962 nelosqus'
1319 897 1388 945 esse
1409 897 1512 962 quem·

283 999 378 1065 quum
397 982 489 1046 huius
508 980 594 1048 modi
608 979 724 1046 offleiis
737 981 877 1046 liberere.
900 979 934 1047 Si
948 981 1046 1064 igliur
1062 981 1138 1048 lineo
1150 981 1340 1048 immunitus
1357 981 1468 1048 luisset
1476 981 1509 1063 ¹),

285 1085 460 1169 Leptinem,
484 1087 521 1149 ut
535 1082 596 1150 siti
611 1083 673 1167 ipsi
696 1085 892 1152 constantem
907 1103 945 1150 se
955 1085 1126 1167 praeberet,
1150 1087 1188 1151 ud
1203 1084 1366 1169 populum.
1379 1083 1513 1150 istorum

287 1189 399 1267 fnisse,
423 1191 460 1253 nt
481 1187 537 1254 ille
559 1187 608 1252 lex
630 1186 846 1270 derogaretur,
869 1191 1011 1272 αρριιολς
1036 1205 1130 1270 quem
1151 1207 1217 1254 rom
1239 1206 1286 1253 ne.
1302 1188 1370 1253 ullo
1385 1188 1516 1272 'quidem

285 1290 599 1358 leoeDemostlrenes
619 1291 860 1368 eommemerst,
888 1289 959 1369 sed,
982 1290 1172 1374 uersumque
1195 1290 1294 1356 insius
1318 1291 1459 1374 loquitur
1480 1291 1515 1356 de

290 1393 430 1478 Leptinis
446 1395 614 1478 rogatione,
636 1411 708 1460 eum
722 1393 757 1459 id
772 1393 895 1458 mntem
910 1394 1020 1479 egisse,
1037 1411 1076 1458 ne
1090 1393 1160 1476 quis
1174 1392 1379 1477 liturgiarum
1394 1394 1513 1460 sollem-

289 1499 377 1563 nium
394 1495 550 1562 ·immunis
567 1495 670 1576 deret,
695 1498 801 1578 operte
824 1495 1008 1578 deolereti).
1038 1495 1071 1562 Si
1094 1498 1200 1563 nutem
1222 1516 1254 1562 re
1276 1505 1354 1562 vere
1375 1496 1514 1581 Leptines

287 1600 452 1666 radonem.
470 1602 667 1666 constantem
690 1598 736 1664 ite
758 1599 961 1683 neglexisset,
991 1599 1129 1682 prolecto
1152 1599 1218 1682 ipse
1242 1598 1471 1668 Demosthenes
1491 1601 1514 1664 ei

278 1704 343 1768 ,hoe
365 1703 627 1785 erpmbrerisset;
651 1701 733 1785 quod
754 1703 858 1767 emtor
878 1721 918 1767 ne
933 1707 1003 1768 tum
1025 1701 1151 1786 quidem
1172 1701 1277 1783 feeit„
1289 1722 1365 1768 eum
1375 1702 1512 1785 Leptinis

287 1805 535 1872 retioeiuetiones
546 1808 584 1872 de
595 1805 654 1871 luno
665 1821 698 1870 re
709 1805 847 1888 prolatus
861 1823 985 1888 prorsus
1000 1806 1121 1872 studuit
1133 1805 1284 1890 refellere,
1296 1806 1367 1886 XX,
1378 1807 1447 1873 nto
1457 1825 1512 1888 se:

287 1910 393 1989 ἐροῦει
414 1943 456 1961 »-
479 1908 529 1974 ὅτι
551 1909 647 1975 γταῦθ’
675 1910 771 1989 ἱερῶν
800 1911 884 1974 ἐετιν
914 1908 1039 1976 ἅπαντα
1068 1908 1279 1989 τάναλώματα
1307 1911 1355 1994 [ul
1377 1910 1513 1990 χορηγίαι

286 2014 339 2078 καὶ
354 2013 387 2077 ul
401 2012 664 2096 γυμναειαρχίαι]·
688 2013 797 2078 δεινὸν
811 2012 880 2088 orio,
894 2013 923 2077 εί
936 2016 1002 2076 τῶν
1016 2013 1113 2091 ἱερῶν
1128 2011 1242 2091 ἀτελήε
1256 2033 1302 2079 τιε
1318 2013 1510 2094 ἀφεθήεεται.

288 2117 351 2193 ἐγὼ
374 2117 471 2182 δὲτὸ
494 2118 551 2196 μέν
573 2137 674 2193 τιναε,
704 2117 752 2182 otc
775 2117 795 2182 ὁ
818 2121 917 2196 δῆμοε
945 2115 1080 2192 ἔδωκεν,
1114 2114 1234 2182 ἀτελεῑε
1255 2113 1510 2196 εἰναιαοίιτιυνί)
1574 2161 1575 2188 2

287 2221 410 2286 δίκαιον
431 2221 580 2300 ἡγοῦμαι,
603 2219 622 2284 ὃ
646 2222 682 2286 δὲ
704 2224 762 2286 νῦν
785 2219 875 2285 οὑτοι
897 2221 1087 2298 ποιήεουειν,
1110 2219 1168 2283 ἐὰν
1191 2217 1254 2298 ἄρα
1275 2223 1381 2284 ταῦτα
1400 2220 1510 2294 λέγοιεν,

285 2324 372 2389 τοῦτ’
394 2323 475 2390 εἶναι
496 2324 602 2390 δεινὸν
623 2325 744 2404 νομίζω
767 2357 809 2370 -·-
832 2323 880 2388 ὅτι
903 2317 931 2389 δ’
951 2323 1011 2388 οὐκ
1032 2323 1095 2389 ἔετι
1115 2323 1235 2389 ταύτὸν
1255 2323 1353 2402 ἱερῶν
1376 2321 1510 2387 ἀτέλειαν
1574 2331 1575 2388 ι

288 2429 370 2507 ἔχειν
393 2429 444 2492 καί
466 2431 677 2507 λειτουργιῶν,
704 2426 771 2492 ἀλλ’
793 2425 883 2492 οὗτοι
905 2427 943 2492 τό
966 2431 1031 2492 τῶν
1052 2429 1254 2506 λειτουργιῶν
1278 2425 1385 2506 ὄνομα
1406 2427 1455 2492 eet
1476 2425 1508 2488 τὸ
1574 2389 1575 2477 ί

288 2534 354 2595 τῶν
383 2531 478 2610 ἱερῶν
506 2531 750 2611 μετιιιρὲροντεεγ
770 2531 931 2598 ἐξαπατᾶν
961 2534 1101 2608 Ζητουει,
1132 2531 1287 2608 Λεπτίνην
1316 2531 1390 2610 irtio
1419 2527 1509 2593 αὐτὸν

287 2635 353 2710 ἐγὼ
366 2634 604 2713 παραεχήευμαι
625 2633 780 2712 μάρτυρα·
803 2631 910 2714 Neque
925 2633 1097 2698 Harmodio
1112 2632 1381 2716 etdristogitonir·
1393 2629 1508 2715 tyranni

287 2734 550 2812 interieetnritus,
573 2751 732 2800 soenorum
753 2735 986 2802 immunitatem
1009 2751 1186 2801 ooneemem
1207 2753 1273 2800 esse
1295 2736 1381 2800 idem
1405 2736 1508 2803 Demo·
1573 2713 1574 2792 l

287 2836 413 2901 sthenes
436 2837 569 2902 testetur
591 2837 659 2914 XX,
686 2837 762 2904 128:
793 2839 926 2904 ἀκούετε
951 2843 1017 2904 τῶν
1039 2838 1246 2919 ἀντιγράφων
1268 2843 1325 2917 τῆε
1347 2831 1507 2916 ετήληε,ὧ

290 2937 405 3018 erepet
427 2927 598 3018 Ἀθηναῖοι,
621 2939 740 3007 ἀτελεῖ(
761 2941 881 3008 αὐτοὺε
897 2939 982 3008 ,εἶναι
1004 2941 1201 3008 κελευόντων
1223 2943 1305 3020 πλὴν
1327 2941 1431 3020 ἱερῶν.
1573 3025 1574 3034 ¹

389 3041 520 3108 Minime
539 3061 613 3108 vero
634 3043 801 3125 decretum,
826 3042 1080 3127 que-‘Boeotum
1101 3061 1180 3109 usus
1200 3047 1256 3121 est,
1279 3046 1317 3110 nt
1339 3043 1442 3110 looum
1461 3058 1506 3104 ex·

286 3145 443 3230 pinnensi,
474 3146 511 3211 de
535 3163 594 3228 qne
623 3145 835 3230 disputemus,
868 3143 964 3228 (0:1.
986 3145 1041 3212 Gr.
1065 3146 1108 3212 82
1130 3168 1171 3203 =
1194 3144 1228 3212 O.
1251 3147 1276 3212 Ι.
1303 3145 1342 3211 A.
1367 3143 1413 3223 Il,
1436 3141 1503 3220 eto)
1573 3131 1574 3140 ’

287 3248 455 3332 quiequam
479 3249 607 3328 adrem
634 3247 994 3334 disceptandomvelet3
1025 3237 1084 3317 he'e
1106 3247 1189 3330 enim
1211 3240 1309 3314 titulo
1333 3243 1505 3314 Plothenses

286 3352 460 3435 iusserunt,
474 3339 525 3416 ‘ut
547 3352 711 3434 peouniee,
741 3369 819 3434 quae
841 3350 874 3416 in
897 3345 1131 3432 Plotheusium,
1152 3349 1391 3439 ,deserendum
1415 3345 1504 3416 Athe·

287 3453 442 3520 niensium
476 3453 570 3522 ferme
603 3455 756 3522 universis
777 3452 999 3523 Plothensibus
1033 3454 1198 3524 soluendee
1234 3458 1353 3533 eueni,
1387 3467 1503 3518 ecem·
1572 3537 1573 3540 Ἴ

288 3554 376 3619 muni
398 3554 517 3622 serenio
537 3556 760 3642 penderentur,
781 3573 828 3622 rs.
850 3553 891 3620 28
913 3573 998 3639 squ:
1572 3545 1573 3550 ’

393 3728 412 3790 ¹)
431 3724 472 3782 ef.
491 3725 579 3782 Sohol.
597 3727 674 3780 Deru.
691 3724 752 3789 494,
768 3724 816 3783 28:
842 3725 879 3780 τὰ
898 3725 928 3779 δὲ
946 3725 1030 3790 ἀλλα,
1046 3727 1220 3796 λειτουργίαι
1238 3731 1284 3784 καλ
1302 3725 1431 3799 χορηγίαι
1447 3719 1502 3788 rot·

288 3829 343 3868 πον
369 3812 434 3866 τινὰ
461 3809 500 3868 sir
526 3814 594 3866 τοὺε
622 3814 705 3868 θεοὺε
732 3810 936 3866 ἀναλίεκονται.
965 3813 1059 3870 οὐδεὶς
1078 3815 1110 3868 δὲ
1126 3815 1295 3886 teneretis
1311 3815 1425 3870 τούτων
1449 3809 1501 3860 τῶν

287 3898 494 3960 ἀναλωμάτων.
514 3898 559 3950 διὰ
572 3902 660 3952 τοῦτο
673 3895 818 3964 εοφίζεεαι
829 3896 968 3965 Λεπτίνη(
985 3898 1033 3953 καί
1045 3914 1115 3968 onte
1129 3902 1166 3966 μὴ
1180 3902 1240 3956 δεῖν
1254 3901 1362 3956 διδόναι
1380 3896 1499 3951 ἀτέλειαν

291 3989 352 4038 τῶν
369 3983 463 4052 ἱερῶν.

392 4073 412 4134 ²)
430 4069 580 4124 Honorem
598 4068 677 4138 puulo
694 4068 769 4124 inite
785 4070 919 4139 oopiodus
935 4071 1065 4138 explicere
1082 4071 1207 4130 ooneber.

391 4157 411 4221 ³)
429 4157 488 4210 Hes
502 4170 566 4212 vooe
582 4155 654 4211 idem
670 4155 786 4212 indieori
798 4172 829 4210 ee
841 4155 931 4211 verbis
951 4161 1061 4212 ιταυτα
1079 4158 1193 4213 ἅπαντα
1211 4159 1410 4224 remuneres.
1426 4157 1499 4214 llilue

288 4257 348 4296 eom
367 4243 401 4296 od
418 4242 579 4297 vooebulum
598 4240 716 4311 „treuva
734 4242 869 4312 pertinere
878 4239 1098 4298 Westermennus
1116 4244 1171 4298 inm
1189 4245 1209 4301 l.
1222 4260 1243 4300 e
1262 4244 1361 4313 optime
1378 4229 1498 4324 cognorit

287 4327 380 4396 Neque
404 4328 475 4382 euim
494 4327 697 4394 Demosthenes,
721 4327 745 4382 si
763 4329 871 4383 omnine
895 4327 921 4382 ei
938 4327 967 4382 in
984 4327 1075 4382 animo
1093 4328 1191 4384 fuisset
1218 4331 1301 4386 etiem
1323 4327 1371 4384 ille
1388 4317 1497 4390 Istlii¹¹¹⁸

286 4413 379 4466 verbe:
408 4415 596 4480 eistetentis,
625 4415 650 4472 εἰ
667 4420 729 4471 τῶν
746 4414 832 4484 ἱερῶν
856 4414 959 4480 ἀτελής
976 4431 1018 4469 τι(
1037 4413 1224 4484 ἀφεθὴεεταιν
1251 4415 1421 4484 redarguere,
1447 4407 1496 4455 itm

287 4496 362 4552 brevi
379 4500 605 4571 neglegenterque
625 4501 654 4556 id
673 4502 790 4557 fecisset.
