3194 5060
674 300 710 308 -
755 264 818 327 117
866 300 901 310 .-

182 469 258 516 num
281 468 300 515 a
321 451 389 516 tota
404 448 643 516 Atheniensium
666 449 794 517 ciuitate
816 468 856 514 an
878 467 897 516 a
918 450 1006 533 parte
1028 449 1154 516 tantum
1177 451 1251 530 eius,
1274 453 1402 528 absiba,

181 571 271 637 pago,
295 552 444 637 phratrias,
467 551 652 620 immunitas
669 553 711 617 sit
725 552 861 636 tributa,
884 569 957 619 nam
976 551 1073 620 eliam
1089 553 1184 618 {hbes
1199 556 1263 620 vim
1286 555 1406 622 decreti

163 658 228 724 uel
251 657 340 742 legis,
363 673 441 740 quae
462 658 624 722 universae
645 655 769 722 ciuitati
790 655 944 739 placebat,
967 655 1161 735 uliumeius,
1186 658 1274 724 onius
1296 662 1406 725 auctor

177 778 248 844 pars
282 760 386 842 aliqua
418 760 499 838 arat,
533 761 677 842 apparet,
711 762 781 826 tum
809 762 841 824 et
867 758 929 826 toti
962 759 1008 824 nei
1039 759 1181 844 publicae
1209 763 1241 826 et
1269 761 1405 846 siugulis

177 863 336 946 membris,
360 867 396 932 ut
410 863 473 931 ium
490 863 698 946 cognovimus,
723 863 810 928 certa
824 862 974 944 quaedam
991 861 1097 930 voltoia
1111 863 1189 930 civis
1201 864 1404 932 Atheniensis

177 967 333 1051 praestare
370 966 486 1040 debuit.
531 965 673 1032 Primum
709 964 808 1048 igitur
845 965 937 1030 buius
974 965 1085 1048 cupitis
1121 968 1224 1036 locum
1259 967 1405 1050 quaestio

177 1071 298 1152 teneat,
329 1087 406 1151 quae
434 1087 563 1136 munere
591 1068 699 1152 quibus
723 1067 953 1136 condicionibus
976 1069 1088 1138 cuncta
1109 1081 1159 1134 ree
1181 1070 1305 1156 publica
1328 1090 1405 1138 cou-

177 1172 347 1237 donaverit.
1160 1181 1163 1186 '
1237 1185 1240 1190 ’

217 1360 304 1448 (lap.
327 1363 353 1428 I.
391 1362 443 1427 De
465 1360 635 1446 legibue,
660 1378 757 1442 quae
777 1361 981 1447 pertinent
1003 1363 1046 1426 ad
1070 1361 1351 1446 immunitates.

280 1496 517 1575 Demosthenes,
544 1496 765 1563 uicinitatem
787 1497 912 1563 omnino
935 1501 966 1562 et
988 1497 1112 1582 legibus
1135 1501 1167 1562 et
1190 1497 1322 1564 decretis
1351 1498 1407 1563 ad-

172 1599 347 1667 ministrari
375 1601 537 1666 contendit
559 1600 676 1684 XXIV,
702 1602 779 1667 152:
812 1602 915 1682 ἡγὰρ
936 1602 1029 1667 πόλις
1050 1602 1148 1682 ἡμῶν,
1173 1601 1200 1667 ob
1225 1601 1338 1680 ἄνορεε
1363 1607 1406 1666 οι-

173 1705 297 1781 καιταί,
329 1705 438 1784 νόμοιτ
460 1706 510 1770 καὶ
533 1705 705 1784 ψηφίεματι
727 1708 885 1770 διοικεῖται
894 1702 935 1785 ¹),
968 1704 1085 1786 optime
1109 1703 1284 1769 discernens
1308 1703 1405 1787 leges

175 1826 254 1890 quae
269 1809 302 1876 in
318 1824 407 1874 omne
431 1810 555 1889 tempus
577 1809 608 1870 et
623 1805 660 1871 de
682 1824 865 1889 unoquoque
887 1807 1033 1874 valebant
1054 1807 1189 1887 homine,
1212 1825 1247 1872 ac
1268 1806 1408 1884 decreta,

174 1927 254 1991 quae
275 1895 311 1974 'in
334 1911 453 1976 mutum
481 1909 637 1992 quoddam
658 1909 780 1990 tempus
804 1909 852 1974 sel
875 1909 907 1975 in
929 1910 1125 1994 singulorum
1148 1909 1297 1975 honorem
1320 1927 1405 1974 com·

175 2013 365 2095 modnmque
386 2012 511 2090 fiebant,
534 2011 631 2077 etiam
651 2011 893 2091 immunitatem,
917 2030 978 2094 qua
992 2014 1061 2095 quis
1076 2011 1240 2090 lineretur,
1263 2016 1319 2078 ant
1333 2013 1407 2094 lege

175 2118 236 2180 aut
254 2117 377 2181 decreto
398 2115 604 2182 constitutam
627 2132 691 2178 esse
713 2113 892 2178 adfirmavit
913 2113 981 2195 XX,
1008 2115 1083 2181 131:
1119 2117 1158 2181 οὐ
1181 2116 1243 2194 γάρ
1265 2115 1326 2182 ἐπ’
1352 2115 1406 2180 οὐ·

176 2219 240 2283 οεὶε
256 2203 367 2298 ἀτελλτ
382 2217 457 2298 παρ’
472 2218 553 2298 ὑμῖν,
577 2215 642 2302 ὅτῳ
662 2217 703 2299 μὴ
723 2219 868 2298 ψήφιτμα
883 2219 902 2298 ἢ
918 2218 1018 2296 νόμοι
1041 2219 1162 2304 δέδωκε
1178 2220 1235 2298 τὴν
1251 2217 1405 2282 ἀτέλειαν.

277 2357 307 2434 ξ.
326 2358 354 2420 1.
378 2354 461 2436 Quas
477 2355 557 2420 duas
577 2353 788 2420 immunitatis
812 2354 993 2422 tribuendae
1016 2357 1152 2422 rationes
1175 2355 1317 2422 tenentes
1335 2355 1401 2436 pni-

175 2473 262 2522 mum
290 2457 538 2540 explanabimus,
571 2474 703 2541 quarum
725 2475 830 2524 rerum
852 2459 972 2526 civibus
994 2457 1034 2524 ab
1055 2459 1132 2524 urbe
1154 2460 1223 2542 ipse
1246 2475 1308 2522 non
1330 2459 1404 2522 data

180 2561 222 2626 sit
243 2560 435 2627 immunitas.
1122 2551 1125 2558 ⁴

279 2667 313 2746 ο)
338 2663 481 2732 Primum
504 2665 622 2731 tributa
642 2663 683 2730 ad
696 2662 773 2731 belli
795 2683 888 2732 usum
911 2681 1015 2758 omnes
1039 2665 1106 2730 sine
1131 2665 1308 2746 exceptione
1331 2682 1404 2727 eon-

164 2768 260 2834 derra
283 2767 456 2832 debuerunt
479 2763 719 2850 Athenienses&
747 2769 840 2852 atque
862 2768 887 2832 ii
909 2766 1021 2848 etiam,
1055 2770 1108 2852 qui
1131 2769 1203 2835 aliis
1226 2768 1407 2834 muneribus

164 3087 168 3090 ,
233 3017 236 3024 ’
282 3025 302 3094 ¹)
321 3024 365 3082 Gi,
381 3023 465 3078 etiam
483 3023 558 3078 Dem.
578 3020 635 3090 XX,
655 3025 702 3078 92:
728 3027 923 3095 ψηφιεμάτων
942 3026 965 3079 δ’
983 3025 1044 3080 οὐδ’
1062 3025 1160 3079 ὁτιοῦν
1182 3023 1362 3092 διοφὲρουειν
1381 3022 1408 3076 ol

175 3115 272 3179 νόμοι,
300 3112 371 3166 ἀλλὰ
389 3113 527 3179 νεώτεροι
545 3111 571 3164 οί
586 3112 680 3178 νόμοι,
703 3113 764 3165 καθ’
783 3111 834 3166 οὓς
852 3111 889 3166 τὰ
907 3111 1077 3178 ψηφίεματα
1095 3111 1138 3164 δεῖ
1158 3110 1329 3180 γράφεεθαι,
1348 3113 1407 3164 τῶν

176 3199 371 3266 ψηφιεμάταιν
390 3198 487 3252 αὐτῶν
505 3197 573 3262 ὑμῖν
592 3195 672 3260 είειν;
700 3196 801 3261 XXIII,
820 3196 868 3250 el:
895 3202 1001 3251 τοῦτον
1019 3195 1047 3250 τί
1065 3213 1106 3250 τι(
1126 3196 1195 3250 ἄλλο
1213 3200 1306 3250 ποιεῖν
1325 3194 1408 3260 φήςει

177 3273 251 3352 πλὴν
270 3283 400 3350 ψήφιεμα
419 3282 509 3346 νόμου
523 3284 700 3350 κυριώτερον
712 3282 808 3337 ἀξιοῦν
821 3283 905 3348 niveae
923 3282 988 3344 21&
1006 3281 1103 3344 XXIV,
1114 3280 1161 3342 3οι
1174 3282 1222 3347 925
1242 3277 1350 3344 XLVII,
1360 3279 1410 3344 48,

178 3367 207 3423 G.
225 3368 248 3422 Ι.
268 3368 299 3422 Α.
317 3365 357 3432 Π,
375 3367 425 3424 567
439 3367 467 3432 b,
485 3384 525 3422 ve.
544 3369 561 3422 8
579 3383 650 3438 sqq.:
678 3369 851 3435 ἐπιμελεῖται
870 3399 902 3410 -
922 3369 964 3424 ὧν
987 3369 1067 3436 αὐτῷ
1086 3366 1114 3421 oi
1131 3366 1188 3438 τ[ε]
1207 3367 1291 3432 νόμοι
1307 3370 1353 3420 καὶ
1372 3367 1409 3420 τὰ

179 3453 349 3521 ψηφίεματα
370 3454 594 3523 προετάττουειν
613 3453 727 3510 areanae
745 3457 791 3509 καί
809 3457 882 3509 κατὰ
900 3454 993 3526 volup
1011 3455 1124 3520 νόμους.

280 3542 300 3604 ²)
320 3539 393 3594 ilem.
411 3540 470 3604 XX,
490 3541 535 3594 18:
554 3539 605 3594 είεί
618 3571 650 3582 -
662 3544 727 3610 παρ’
745 3543 814 3610 ἡμῖν
834 3540 864 3596 ui
880 3557 912 3598 τε
930 3545 990 3594 τῶν
1010 3537 1151 3606 μετοίκιον
1170 3537 1343 3608 λειτουργίαι
1362 3541 1408 3593 καί

178 3625 206 3679 ui
218 3625 367 3692 πολιτικαί,
381 3627 423 3681 ῶν
437 3627 582 3695 ἑκατέρων
595 3627 653 3680 tent
665 3632 727 3681 τοῑε
740 3627 906 3695 εὑρημένοι(
916 3628 934 3694 ἡ
946 3625 1067 3688 ἀτέλεια,
1080 3626 1117 3692 ἢν
1129 3623 1216 3680 obsec
1229 3625 1408 3693 ἀφαιρεῖται

175 3712 323 3781 τῶνγὰρ
337 3711 461 3767 εἰετὸν
475 3713 779 3778 πόλεμονκαίτὴν
793 3709 1051 3780 εωτηρίαντῆε
1072 3710 1211 3765 πόλεως
1229 3709 1407 3779 είεφορῶν

177 3802 223 3853 καί
246 3804 439 3867 τριηραρχιῶν
463 3799 555 3866 apes<
576 3801 622 3851 καί
641 3798 757 3852 braulio<
776 3797 869 3854 οὐδείς
888 3799 943 3852 tcn'
961 3797 1066 3862 duabu<
1085 3797 1195 3851 ἐκτῶν
1212 3800 1343 3852 παλαιῶν
1362 3798 1407 3850 νο-

179 3901 240 3950 μων
259 3885 334 3950 οὐδέ,
353 3885 403 3940 obc
421 3881 506 3938 oinct
525 3882 646 3954 ἔγραψεί,
664 3885 734 3938 τοὺ(
752 3883 802 3951 ἀφ’
820 3882 970 3952 Ἁρμοδίου
989 3885 1035 3939 καί
1051 3880 1306 3950 Ἀριετογείτονοτ;
1324 3883 1348 3948 5.
1361 3882 1408 3946 26;

181 3969 243 4036 1293
263 3969 352 4026 Sobel.
373 3969 449 4027 Deru.
465 3969 567 4047 ibt&
585 3968 701 4024 Boeolh.
720 3970 738 4023 l.
751 3985 773 4026 ο.
792 3970 814 4034 I,
834 3969 885 4024 620
902 3985 956 4038 sq.;
974 3968 1122 4025 l'ittmenn.
1141 3967 1195 4024 Ic.
1214 3983 1239 4036 p.
1251 3967 1299 4030 52,
1318 3965 1409 4020 Μοίρι.

181 4053 229 4110 „de
246 4055 385 4126 proxeuies⁴
406 4073 431 4125 ρ.
451 4058 500 4121 21ρ
526 4056 701 4112 Schosmanu.
720 4057 834 4126 Antiqu.
852 4057 916 4125 321,
947 4055 1053 4113 Grieob.
1071 4054 1189 4110 Alterth.
1209 4053 1232 4116 Ι,
1250 4054 1316 4119 586;
1343 4053 1409 4110 Her·

179 4156 268 4196 maun.
286 4142 306 4196 1.
324 4157 346 4198 ο.
364 4140 387 4206 Ι,
406 4142 463 4208 170,
484 4142 530 4208 15;
549 4142 680 4199 Schaefer.
702 4143 857 4200 »Demosth
876 4161 903 4200 u.
920 4142 995 4204 aeine
1012 4141 1087 4198 uait«
1107 4141 1129 4208 I,
1146 4141 1207 4196 355.
1226 4137 1304 4194 Unus
1322 4140 1411 4192 exstat

177 4226 260 4292 locus,
279 4242 333 4295 quo
350 4226 439 4297 legem
457 4225 533 4284 illam
550 4244 612 4294 non,
630 4229 702 4298 quod
720 4245 751 4281 ex
764 4228 952 4282 Demosthenis
970 4228 1058 4281 verbis
1072 4257 1103 4267 -
1115 4224 1158 4292 (ci.
1171 4225 1311 4296 praecipue
1329 4225 1353 4292 §-
1369 4225 1409 4287 18,

177 4327 229 4381 quo
247 4313 314 4378 loco,
333 4312 357 4366 si
374 4328 426 4366 non
445 4312 536 4368 eadam
554 4313 596 4367 lex
609 4314 641 4369 de
653 4314 798 4384 inquilinis
817 4311 957 4379 valuisset,
975 4313 1089 4382 scriptor
1107 4314 1179 4368 certe
1196 4311 1363 4378 adnotasset)
1377 4339 1410 4350 -

177 4399 358 4467 consequitur,
377 4397 460 4452 etiem
478 4398 512 4452 ad
530 4399 677 4466 inquilinos
695 4398 857 4469 pertinuisse
875 4398 1000 4452 nonnulli
1018 4395 1193 4466 grammatici
1212 4394 1406 4464 (Buechner.

177 4483 281 4550 1,694;
300 4483 474 4540 Sohoemenn.
488 4484 598 4552 Antiqu.
618 4485 682 4550 3213
702 4484 896 4539 Westenmanu.
915 4483 946 4538 de
964 4482 1038 4552 publ.
1056 4483 1149 4540 bonor.
1168 4499 1195 4552 p.
1213 4483 1242 4546 7;
1263 4481 1410 4536 Hermann.
