3232 5044
590 224 867 312 '-e1-

151 436 297 500 elassium
333 433 428 496 etiam
462 433 630 514 posteriore
664 433 767 498 aetate
795 432 946 500 mansisse
975 432 1150 512 videntur¹)
1179 471 1216 482 -
1244 433 1375 508 simulas

150 539 321 621 negotiatio
337 535 469 600 Athenis
492 537 624 602 increvit
647 537 785 618 beneque
808 536 910 614 oossit,
933 538 1001 603 tum
1024 554 1084 602 non
1107 540 1284 614 eusanium,
1301 539 1375 620 ¹qui-

150 642 208 706 bus
231 639 359 722 praedia
381 638 509 713 fuerint,
532 641 585 706 sod
607 641 813 722 nogotiatores
837 658 957 722 quoque
980 639 1109 707 tributis
1133 640 1286 724 obligatos
1301 659 1376 706 osse.

128 729 194 811 'Et
223 742 319 809 seruis
346 742 473 822 quidem
499 741 550 806 hie
578 741 770 822 temporibus
797 742 830 808 in
859 745 1012 810 censenda
1040 762 1073 806 ro
1104 743 1254 810 familiari
1275 745 1379 810 locum

155 846 252 910 fuisso
267 847 357 910 Iseon.
374 843 477 920 XVII,
485 841 510 924 ί)
527 844 570 918 49
593 844 730 909 testetur
753 845 826 922 (ιιὸς.
838 847 897 910 τὸν
912 849 969 924 μὲν
992 851 1098 923 παῖδα,
1122 847 1160 912 ὃν
1176 848 1273 914 αὐτὸς
1295 850 1378 927 ἠφα·

151 970 239 1025 νιςεν,
260 949 316 1028 ὑφ’
340 951 429 1027 ἡμῶν
451 949 588 1028 ἔφατκεν
609 948 905 1031 ἀνομαποδιςθῆνοιι,
929 951 1001 1016 τὸν
1019 949 1146 1017 αὐτὸν
1169 953 1211 1016 δὲ
1233 955 1378 1016 τοῦτον

150 1051 411 1132 ἀπεγράψατο
441 1055 509 1130 μὲν
533 1054 678 1118 ἐντοῖς
707 1054 915 1131 τιμήμαςιν
944 1053 993 1118 ὡς
1016 1057 1164 1122 δοῦλον
1186 1055 1280 1133 μετὰ
1302 1058 1378 1118 τῶν

149 1157 313 1230 οἰκετῶν
345 1159 408 1220 τῶν
442 1155 562 1230 ἄλλων,
596 1157 663 1222 ἐπεὶ
693 1155 721 1220 δ’
751 1157 850 1220 αὐτὸν
879 1157 968 1235 ἠξίου
991 1158 1166 1225 Μενέξενος
1195 1157 1376 1236 βαςανίῑειν,

150 1257 300 1342 suppeto
321 1259 363 1322 ὡς
387 1259 554 1337 ἐλεύθερον
578 1257 677 1340 ὄντα).

255 1359 337 1440 Quae
354 1363 458 1424 autem
480 1379 596 1440 censue,
620 1363 673 1442 qui
689 1360 857 1427 Nausiniao
872 1361 1019 1428 anohonte
1036 1363 1084 1426 est
1098 1363 1271 1440 institutus,
1296 1363 1376 1433 ratio

152 1464 260 1540 fuerit,
284 1485 301 1528 e
324 1463 542 1531 Demosthenis
564 1463 632 1530 lone
656 1463 875 1545 explorandum
898 1467 961 1542 est,
984 1466 1037 1546 qui
1060 1466 1163 1530 exstat
1184 1466 1316 1545 XXVII,
1343 1468 1376 1530 7:

153 1569 208 1634 πτὸ
237 1570 273 1632 δὲ
300 1570 422 1644 πλῆθος
450 1571 505 1646 τῆς
534 1568 641 1632 οὐςίας
673 1566 722 1633 ὅτι
750 1567 836 1633 τοῦτ’
858 1567 898 1645 ἠν
924 1567 963 1631 τὸ
986 1572 1209 1649 καταλειφθὲν,
1244 1571 1377 1648 μέγιςτοι

147 1672 205 1748 μὲν
229 1670 319 1738 αὐτοὶ
341 1671 497 1748 μάρτυρές
517 1691 569 1748 μοι
589 1669 752 1746 γεγόναςιν
775 1669 906 1752 [nimbo
922 1672 980 1748 τὴν
1002 1673 1174 1749 ςυμμορίαν
1196 1673 1275 1750 ὑπερ
1299 1675 1376 1751 ἐμοῦ

149 1778 356 1840 ςιινεταξαντο
385 1774 464 1837 κατὰ
491 1774 547 1839 τὰς
574 1775 668 1841 πέντε
696 1775 746 1838 καί
775 1773 870 1840 εἴκοςι
896 1779 974 1852 μνᾶς
1003 1777 1207 1841 πεντακοςίατ
1235 1779 1376 1854 δραχμὰς

91 1861 98 1872 “
146 1876 312 1954 είςφέρειν,
336 1875 471 1954 ὅςονπερ
487 1877 639 1954 Τιμόθεος
660 1877 680 1942 b
703 1877 856 1950 ΚόνωνοςΙ
870 1879 920 1942 καὶ
943 1878 974 1944 οἱ
989 1879 1028 1942 τὰ
1051 1880 1175 1956 μέγιςτα
1197 1881 1377 1958 κεκτημένοι

148 1980 305 2056 τιμήματα
327 1979 509 2058 είςέφερονν
520 1976 555 2060 ³).
999 2001 1000 2009 ’

252 2081 424 2152 Bsookhiue
435 2079 459 2158 ⁴)
488 2101 553 2148 rem
582 2081 629 2146 ita
658 2081 855 2162 explanavit,
891 2087 927 2146 ut
958 2082 1075 2148 ditaret
1097 2081 1335 2148 Demosthenem
1358 2103 1375 2148 a

150 2185 306 2248 tutoribus
328 2187 409 2248 inter
431 2203 481 2250 eos
503 2186 702 2267 symmorites
725 2183 879 2251 eoneoribi
901 2186 1022 2250 iussum
1044 2203 1121 2264 esse,
1144 2203 1275 2267 quorum
1291 2186 1375 2268 quis-

148 2286 323 2368 quetotius
338 2286 383 2350 roi
397 2286 559 2352 familiaris
583 2288 725 2370 quintam
747 2292 869 2368 partem
883 2287 1021 2369 profiteri
1037 2287 1204 2371 debuisset,
1230 2291 1269 2354 ad
1292 2307 1376 2357 eam·

146 2408 208 2470 quo
231 2391 417 2454 sententiam
440 2389 692 2468 Ηοτιιιοοοιιοί),
716 2387 880 2467 Βαίτίιιεί),
903 2389 1029 2454 Curtius
1039 2389 1065 2473 7)
1073 2437 1082 2471 ,
1106 2389 1373 2469 Sohoemannus⁸)

152 2511 185 2556 so
207 2492 450 2575 applicaverunt,
473 2491 531 2561 uisi
556 2493 638 2573 quod
660 2492 711 2557 hie
732 2510 878 2568 summas,
902 2510 980 2574 quae
1004 2493 1037 2558 in
1059 2493 1173 2561 tabulis
1196 2493 1373 2560 refereban-

150 2595 217 2671 tur,
247 2596 328 2676 ipsos
352 2595 471 2659 reditus
495 2595 612 2676 potius,
646 2613 739 2677 quam
762 2596 862 2660 eertoa
885 2596 1036 2677 quasdam
1058 2595 1245 2660 faoultatum
1270 2599 1374 2678 partes

149 2697 375 2780 intellegendas
398 2697 566 2764 existimat.
611 2699 743 2767 Prorsus
766 2697 858 2765 aliter
879 2699 1054 2766 Radbertus
1062 2696 1086 2778 ⁹)
1108 2699 1257 2765 iudicavit
1280 2699 1374 2764 adfin-

152 2900 263 2950 mann,
291 2885 371 2938 Verf.
391 2885 505 2939 Gosoh.
529 2888 553 2954 ᾖ.
572 2887 620 2950 25,
647 2902 681 2939 so
698 2886 805 2955 wenig
832 2887 913 2939 auch
942 2885 1054 2939 dieser
1081 2886 1154 2939 sich
1179 2887 1223 2939 im
1242 2885 1376 2940 Grundo

152 2969 262 3023 solbet
279 2969 393 3038 gleioh
412 2969 550 3036 bleibts,
569 2987 622 3023 non
641 2973 716 3038 potui
734 2973 855 3039 reperire.

253 3055 273 3124 ¹)
292 3057 320 3110 C.
339 3057 361 3110 Ι.
380 3059 410 3110 Α.
430 3055 469 3120 Π,
491 3055 596 3120 14,12;
624 3055 952 3122 πεντακοσιομεδίμνων;
983 3071 1062 3124 αιτιοι
1087 3056 1202 3109 titulum
1229 3056 1375 3111 Koehlerus

155 3139 198 3194 01.
216 3140 256 3204 98,
273 3141 289 3194 2
305 3165 338 3190 --
356 3142 437 3211 38716
454 3158 477 3195 a.
496 3141 559 3196 Chr.
578 3157 603 3194 n.
622 3141 776 3209 adscripsit3
805 3141 839 3199 of.
857 3139 971 3194 Boeokh.
990 3144 1009 3196 l.
1027 3157 1064 3207 o.;
1086 3140 1258 3197 Sehoomann.
1279 3142 1374 3211 Antiq.

154 3225 221 3287 inn‘s
239 3227 308 3295 pubi
327 3229 422 3284 Graeci
439 3244 465 3296 p.
483 3229 533 3282 321
551 3245 577 3284 n.
597 3228 621 3283 9.

256 3315 275 3382 ²)
293 3315 534 3372 Hanoorationom
552 3331 604 3372 non
622 3317 683 3384 post
701 3328 801 3368 annum
819 3313 870 3368 392
888 3330 911 3368 a.
930 3312 990 3368 (ihr.
1008 3329 1036 3367 n.¹
1053 3313 1146 3387 baberi
1163 3313 1283 3382 potuisse
1300 3314 1377 3370 Blas-

144 3399 206 3453 sius
224 3399 298 3454 dooet
316 3401 385 3472 (odio
403 3400 517 3456 attisohe
535 3401 748 3456 Beredsamkeits
768 3400 795 3454 II
813 3417 839 3469 p.
859 3399 929 3468 210).
1341 3463 1343 3470 .

254 3489 272 3556 3)
291 3487 331 3544 cf.
350 3487 448 3552 XXIX,
466 3489 513 3542 59:
543 3490 613 3556 πρὸς
642 3490 692 3554 μὲν
718 3490 772 3554 τὴν
800 3487 953 3557 ςαμμορίαν
978 3488 1049 3556 ὑπὲρ
1073 3488 1174 3541 παιδὸς
1198 3488 1282 3540 ὄντος
1307 3489 1375 3553 ἐμοί)

146 3575 234 3628 πέντε
253 3579 325 3640 μνᾶς
343 3575 505 3630 ςυνετάξατ’
524 3574 671 3643 εἰεφέρειν,
690 3576 809 3642 ὅεονπερ
827 3573 962 3640 Τιμόθεος
981 3575 997 3627 ὁ
1017 3575 1149 3627 Κόνωνος
1167 3575 1213 3626 καί
1232 3573 1258 3626 ot
1277 3575 1312 3626 τὰ
1332 3591 1376 3639 με·

127 3677 228 3726 ,γιςτο
241 3662 409 3727 κεκτημένοι
427 3661 570 3728 τιμήματα
590 3660 743 3728 εἰτέφερον.
762 3659 1110 3728 lsaeifrg.xv]1,(23,2):
1130 3658 1262 3728 εἰςφορὰς
1280 3660 1375 3728 λογίζῃ

146 3748 248 3810 πότος)
277 3747 373 3814 [nocue
397 3749 442 3799 καί
465 3746 576 3814 ettad·
603 3747 676 3800 κατὰ
694 3747 781 3799 πότον
799 3745 937 3813 ἀργύριον
956 3743 1200 3810 εἰςενηνεγμένας;
1226 3746 1310 3814 [κατὰ
1329 3747 1375 3798 τό·

145 3848 197 3885 τον
216 3834 262 3884 καὶ
281 3832 387 3900 τόκον).

253 3918 273 3985 ⁴)
293 3917 311 3970 l.
330 3933 351 3970 e.
370 3917 392 3980 I,
411 3917 459 3970 667
479 3931 534 3984 sqq.

254 4005 274 4066 5)
293 4003 403 4072 Antiqu.
423 4004 521 4070 I,171,
541 4005 570 4070 33
587 4003 612 4056 4.

254 4089 273 4154 6)
292 4089 310 4144 1.
329 4106 350 4145 e.
369 4108 394 4160 p.
414 4091 464 4145 141
482 4105 519 4160 aq.

254 4177 273 4243 ⁷)
292 4171 364 4234 Hist.
382 4175 472 4231 Graee.
491 4176 554 4242 111⁴,
572 4175 631 4231 448.
649 4175 707 4231 478.
726 4175 790 4240 573;
820 4177 999 4246 comparativa
1022 4178 1130 4232 tantum
1154 4177 1197 4230 hie
1221 4176 1263 4229 vir
1281 4177 1375 4231 doetus

144 4278 173 4330 p.
191 4261 246 4314 448
266 4261 349 4316 verba
371 4261 474 4330 posuit:
504 4262 554 4316 „Es
572 4279 627 4316 war
650 4262 706 4317 also
729 4277 781 4316 nur
804 4261 863 4316 eine
880 4259 948 4316 naeh
966 4262 1090 4332 billigem
1108 4261 1292 4316 Verhtltniese
1312 4263 1374 4314 stei-

145 4347 236 4416 Ιςοτιςίο
254 4347 543 4402 ltiukommensteuen.e

254 4433 274 4502 ⁸)
293 4433 398 4488 Grieob.
416 4435 535 4488 Altertb.
554 4435 576 4501 1,
595 4433 647 4489 484
665 4449 705 4502 sq.

252 4519 274 4586 9)
291 4519 310 4573 l.
331 4537 351 4574 o.
371 4537 397 4589 p.
414 4519 473 4588 453,
492 4538 518 4576 n.
537 4522 578 4575 75.
