3232 5044
766 261 974 326 ..42-

257 455 399 520 consulto
432 473 498 519 rem
515 453 691 540 ¹attIngens
719 450 932 533 compluribus
960 449 1087 532 quidem
1110 448 1354 516 Atheniensibus
1376 450 1480 516 notam

257 559 404 625 Antidori
426 541 591 623 facultates
612 556 710 619 trium
732 554 923 619 talentorum
937 570 973 617 ao
989 551 1086 618 trium
1108 552 1242 622 millium
1263 551 1481 618 drachmarum

253 661 472 744 praeterlapsis
500 677 552 725 ser
581 659 669 723 annis
699 675 795 739 paene
824 656 995 737 duplicatas
1025 673 1092 720 esse
1117 655 1220 718 monet
1241 654 1374 736 indeque
1396 674 1481 720 suam

254 763 351 844 ipsius
372 783 438 828 rem
454 762 640 827 familiarem
656 759 810 841 triplicari
824 758 963 840 potuisse
979 757 1099 822 efficere
1114 762 1243 823 sonatur
1265 760 1307 837 (ἕ.
1323 759 1382 824 58:
1406 762 1481 824 κατὰ

254 867 387 931 τούτους
410 868 485 931 τοὺς
505 866 625 943 νόμους
639 863 818 947 Ἀντιδώρῳ
833 864 891 942 μὲν
906 862 940 926 ἐκ
955 865 1050 940 τριῶν
1065 861 1230 927 ταλάντων
1245 863 1296 926 καὶ
1309 863 1481 941 τριςχιλίων

254 970 288 1034 ἐν
318 970 352 1038 ἓξ
379 970 477 1034 ἔτεςιν
504 970 537 1036 ἓξ
564 967 703 1032 τάλαντα
731 967 781 1030 καί
811 969 920 1030 πλεῖον
947 965 983 1029 ἐκ
1010 969 1068 1030 τού
1096 968 1287 1044 μιςθωθῆναι
1309 966 1481 1045 παρεδόθη,

254 1074 315 1137 καὶ
336 1072 444 1137 ταῦθ’
465 1071 570 1151 ὑμῶν
592 1091 696 1135 τινες
719 1067 842 1134 εἶδον.
866 1068 1022 1144 Θεογένης
1043 1069 1104 1146 γὰρ
1126 1068 1381 1148 theopoleos
1402 1069 1480 1148 ὁμι-

253 1176 455 1254 εθωςάμενος
478 1173 577 1238 αύτού
599 1173 657 1238 τὸν
679 1171 779 1246 οίκον,
802 1172 837 1234 έν
852 1175 889 1252 τῇ
909 1170 1012 1252 ἀγορᾷ
1033 1174 1133 1234 ταῦτα
1155 1172 1194 1235 τὰ
1216 1172 1360 1250 χρήματα
1383 1172 1481 1250 ἐξηρί-

256 1285 379 1357 θμηςεν.
403 1278 473 1356 ἐμοὶ
497 1277 526 1341 δ’
548 1277 584 1342 ἐκ
605 1275 767 1354 τεττάρων
789 1275 841 1338 καὶ
863 1274 939 1338 δέκα
959 1273 1125 1338 ταλάντων
1147 1275 1182 1338 έν
1204 1276 1281 1340 δέκα
1301 1275 1381 1340 έτεςι
1401 1276 1482 1352 πρὸς

254 1383 312 1446 τὸν
334 1381 453 1459 χρόνον
481 1399 515 1444 τε
542 1381 593 1444 καὶ
623 1381 680 1457 τὴν
708 1379 831 1443 ἐκείνου
860 1377 1006 1455 μίςθωςιν
1032 1380 1142 1442 πλεῖον
1169 1379 1189 1455 ἢ
1217 1377 1380 1456 τριπλάςια
1402 1378 1479 1442 κατὰ

252 1485 291 1549 τὸ
314 1483 398 1548 εἰκός
418 1488 581 1562 προςῆκον
600 1483 751 1562 γενέςθαη
775 1480 814 1545 of.
837 1481 931 1545 etiam
948 1484 978 1562 ξ.
993 1479 1057 1558 64.)
1082 1479 1152 1544 Νοιι
1175 1481 1271 1564 igitur
1294 1481 1479 1565 ignorantia

253 1587 305 1650 sed
327 1585 485 1649 industria
505 1585 731 1650 Demosthenes
754 1584 872 1648 reditus
895 1583 1057 1648 universae
1079 1583 1125 1648 rei
1147 1583 1312 1649 familiaris
1335 1584 1384 1650 his
1407 1584 1480 1650 loeis

256 1687 428 1770 neglexisse
450 1691 574 1754 oldebur
597 1688 648 1765 (of.
672 1691 702 1769 ξ.
727 1688 757 1765 l)
767 1687 801 1769 1).

359 1792 454 1857 Locos
478 1794 593 1866 autem,
616 1790 729 1874 quibus
745 1789 920 1856 Radbertus
942 1793 1096 1868 mussat,
1118 1791 1155 1854 nt
1176 1789 1406 1857 demonstraret
1426 1811 1479 1876 pro

252 1895 357 1959 reditu
386 1895 519 1978 singulis
548 1893 670 1960 uiribus
691 1894 845 1959 tributum
874 1893 1063 1976 imperatum
1093 1912 1174 1972 esse,
1208 1894 1295 1958 Dem.
1319 1894 1405 1976 XIV,
1429 1896 1479 1974 30,

252 1999 315 2078 III,
338 1999 396 2082 33,
430 1997 537 2082 Polyb.
563 1996 606 2082 II,
629 1998 686 2080 62,
722 2014 784 2062 non
807 1996 987 2061 confirmare
1017 1997 1158 2062 iulustrIs
1191 1997 1250 2062 utri
1283 1998 1480 2076 sententiam,

253 2101 306 2166 sed
329 2105 356 2166 ei
371 2119 544 2186 repugnare
559 2098 714 2183 lipsinsb
731 2101 795 2167 iam
811 2102 967 2183 perspexit
981 2101 1139 2184 firmisque
1153 2102 1261 2167 doonit
1276 2101 1478 2184 argumentis,

255 2221 290 2268 ao
317 2205 480 2287 praecipue
508 2206 541 2269 in
569 2205 691 2288 Polybii
718 2205 836 2271 verbis:
870 2206 928 2270 eod
955 2207 1016 2285 μὴν
1044 2205 1125 2271 ἀλλὰ
1146 2207 1273 2272 τούτοις
1293 2206 1365 2285 ἑξῆς
1387 2227 1479 2286 φηςιν

251 2308 317 2371 ἀπὸ
339 2311 405 2373 τῶν
427 2308 462 2372 ἐκ
482 2312 539 2386 τῆς
561 2309 707 2387 Μεγάλης
729 2309 855 2374 πόλεως
878 2309 1033 2389 λαφύρων
1056 2309 1239 2388 ἑξακιςχίλια
1260 2309 1398 2374 τάλαντα
1415 2312 1481 2374 τοῖς

252 2411 507 2489 Λακεδαιμονίοις
529 2415 647 2489 πεεεῑν,
676 2411 722 2476 ὧν
750 2413 790 2476 τά
812 2414 942 2491 διςχίλια
964 2413 1127 2491 Κλεομένει
1149 2417 1281 2492 δοθῆναι
1303 2415 1383 2478 κατὰ
1405 2415 1480 2478 τούς

250 2512 393 2591 ἐθιςμοὺς
415 2547 456 2560 -
479 2503 547 2578 ἀλλ’
570 2515 605 2579 ἐν
627 2517 693 2580 τοῖς
715 2515 784 2578 καθ’
805 2515 885 2593 ἡμᾶς
907 2518 1027 2594 καιροῖς
1049 2551 1089 2562 -
1110 2515 1150 2581 ἐκ
1171 2516 1479 2595 Πελοποννήςομ

251 2615 370 2692 πάςης
386 2615 421 2682 ἐξ
438 2617 566 2680 αὐτῶν
587 2621 662 2681 τῶν
686 2617 864 2682 ἐπίπλων
882 2620 1002 2697 χωρὶς
1018 2619 1222 2697 ςωμάτων,
1245 2620 1316 2698 οὐχ
1336 2619 1478 2685 οἷόντε

252 2723 493 2797 ςυναχθῆναι
514 2725 685 2785 τοςούτο
707 2725 856 2797 πλῆθος
883 2722 1103 2801 χρημάτων,
1135 2723 1180 2786 τίς
1202 2723 1265 2802 γάρ
1286 2723 1368 2802 ὑπὲρ
1390 2723 1479 2801 Ἀθη-

252 2822 351 2886 ναίων
374 2822 434 2899 οὐχ
461 2823 619 2903 ἱςτόρηκε,
648 2824 728 2889 διότι
756 2819 826 2889 καθ’
849 2826 905 2890 οίλς
933 2827 1061 2904 καιροὺς
1083 2825 1161 2904 μετὰ
1184 2826 1334 2906 θηβαίων
1356 2827 1399 2892 εἰς
1420 2828 1480 2891 τὸν

250 2926 331 3004 πρὸς
354 2925 618 3004 Λακεδαιμονίους
641 2928 803 3006 ἐνέβαινον
825 2928 1022 3006 πόλεμον-
1051 2927 1099 2992 ὅτι
1121 2928 1194 2993 τότε
1217 2930 1378 3006 κρίναντες
1401 2928 1479 2994 ἀπὸ

250 3033 318 3107 τῆς
346 3028 460 3096 ἀξίας
488 3035 689 3096 ποιεῑςθαι
718 3033 784 3095 τὰς
814 3033 873 3096 εἰς
900 3032 969 3096 τὸν
996 3032 1171 3110 πόλεμον
1198 3032 1391 3112 εἰςφορὰς
1419 3033 1480 3096 ἐτι-

248 3133 385 3212 μήεαντο
408 3135 466 3212 τήν
487 3155 521 3198 τε
544 3136 653 3214 χώραν
674 3136 732 3213 τὴν
753 3135 894 3214 Ἀττικὴν
917 3134 1040 3200 ἅπαςαν
1062 3137 1113 3199 καὶ
1135 3136 1192 3199 τὰς
1214 3135 1328 3210 οἰκίας,
1358 3135 1479 3214 ὁμοίως

248 3239 284 3302 δέ
300 3237 351 3302 καὶ
366 3240 424 3317 τήν
437 3241 549 3318 λοιπὴν
565 3239 681 3304 ούςίαν.
704 3237 770 3304 ἀλλ’
785 3238 872 3319 ὅμως
888 3240 925 3303 τὸ
942 3240 1064 3317 ςύμπαν
1087 3238 1233 3317 τίμημα
1254 3243 1321 3316 τῆς
1337 3235 1479 3318 osted)

248 3343 368 3409 ἐνέλιπε
395 3345 460 3407 τῶν
489 3340 699 3421 ἐξακιςχιλίων
727 3343 895 3408 διακοςίοις
922 3343 974 3408 καὶ
1000 3342 1196 3421 πεντήκοντα
1227 3341 1410 3406 ταλάντοιςν
1447 3342 1480 3406 et

249 3463 355 3509 sensus
368 3445 400 3508 et
412 3445 497 3510 verbi
511 3445 636 3514 ιάξίαςα
654 3446 739 3510 notio
754 3446 873 3521 obstat,
889 3444 1051 3526 quominus
1063 3443 1219 3510 Radberto
1235 3443 1477 3526 adstipulemur;

248 3567 347 3630 neque
377 3547 461 3611 enim
489 3548 526 3612 de
549 3548 676 3612 Atticae
703 3547 857 3613 reditibus
884 3549 1011 3623 annuis,
1043 3549 1096 3612 sed
1126 3547 1163 3612 de
1186 3549 1251 3611 eius
1274 3547 1480 3612 facultatibus

248 3649 319 3713 unis
341 3650 520 3732 scriptorem
543 3651 712 3734 rogitasse,
744 3652 819 3732 quin
840 3651 908 3715 iure
931 3649 1053 3731 Lipsius
1076 3653 1259 3728 contendat,
1290 3670 1350 3715 non
1373 3653 1480 3734 potest

248 3751 394 3835 dubitari,
418 3752 445 3816 si
461 3772 531 3818 oum
551 3753 648 3818 totius
663 3753 722 3818 loei
744 3759 812 3817 tum
836 3753 999 3820 verborum
1022 3753 1100 3816 ratio
1123 3754 1269 3818 habetur:
1295 3754 1347 3821 eli
1370 3755 1478 3820 αὐτῶν

246 3861 310 3922 τῶν
333 3857 475 3922 ἐπίπλων
497 3857 595 3935 χωρὶς
618 3856 772 3935 ςωμάτων
787 3856 847 3935 οὐχ
862 3855 983 3922 οἷόντε
998 3860 1188 3934 ςυναχθῆναι
1203 3860 1337 3922 τοςούτο
1353 3861 1477 3935 πλῆθος

246 3959 454 4042 χρημάτωνιι;
477 3961 586 4024 deinde
605 3959 729 4024 rooibus
745 3959 832 4028 ἀξίας
847 3961 879 4026 et
894 3959 994 4036 ἀξίου,
1018 3959 1205 4043 ubioumque
1221 3961 1389 4040 ponuntur,
1413 3977 1478 4024 nou

248 4109 451 4118 ---·--—...—.-

352 4169 373 4230 ¹)
391 4167 430 4219 De
448 4163 619 4233 computandi
637 4163 749 4228 ratione,
768 4177 821 4231 qua
832 4163 1023 4218 Demosthenes
1042 4177 1104 4218 neus
1123 4165 1171 4230 est,
1191 4164 1478 4218 brenemensem.

244 4250 310 4320 phil.
329 4249 391 4304 CXI
409 4267 434 4320 p.
453 4251 502 4305 801
522 4265 579 4319 sqq.

349 4340 369 4401 ’λ
387 4337 406 4390 l.
425 4353 447 4390 o.
465 4351 492 4404 p.
510 4335 561 4390 291
581 4351 620 4404 sq.

346 4423 367 4486 ³)
385 4421 425 4476 uf.
444 4419 546 4476 Pollae.
562 4421 635 4482 VIII,
655 4421 717 4475 103:
736 4422 902 4489 έπιγραφεῖς
922 4451 954 4460 -
973 4423 1141 4490 ἐπέγραψαν
1159 4453 1191 4464 -
1209 4428 1255 4478 καλ
1273 4425 1309 4477 τὰ
1328 4424 1476 4488 τιμήματα

244 4509 370 4561 ἑκάςτοις
388 4508 462 4560 κατὰ
481 4535 514 4548 --
533 4509 588 4573 τὴν
607 4506 695 4562 ἀξίαν.
