3232 5044
768 269 974 334 ..34-

258 461 364 526 lsaeue
388 454 461 535 Vll,
485 458 541 523 39:
580 461 649 523 ικαὶ
677 461 738 538 μὴν
766 460 817 523 καί
839 459 944 524 αὐτάς
972 457 1236 537 Ἀπολλόδωροςν
1266 459 1367 540 inquit
1392 461 1480 536 ιοιίχ

257 566 361 642 ὥςπερ
376 561 551 641 Προνάπης
574 563 836 642 ἀπεγράψατο
859 564 927 642 μέν
949 562 1096 640 τίμημα
1117 562 1275 642 μικρόν,
1297 563 1341 628 ῶς
1363 562 1480 628 ἱππάδα

257 671 293 736 δὲ
308 673 408 734 τελῶν
424 667 531 744 ἄρχειν
547 667 635 744 ἠξίου
650 667 707 732 τὰς
723 665 841 745 ἀρχάςν
854 663 891 748 ¹);
906 665 945 730 ct
961 663 1052 730 lecca
1068 665 1126 730 XV
1128 665 1170 748 ll,
1179 666 1222 730 49
1237 670 1279 747 (p.
1294 665 1357 742 32).
1380 667 1479 747 Atque

256 773 351 837 etiam
367 771 468 848 Plato,
493 769 681 852 ubicumque
704 769 770 852 agit
792 770 831 834 de
853 769 1027 854 profitenda
1047 788 1080 834 re
1102 768 1257 844 familiari,
1280 786 1355 833 voce
1377 770 1479 834 οὐςίας

256 877 306 941 vel
329 878 465 954 κτήςεως
493 873 630 940 similive
662 872 810 938 vocabulo
838 873 955 952 utitur,
985 874 1072 938 velut
1094 873 1155 954 leg.
1180 873 1216 950 V,
1241 871 1304 936 745
1318 873 1365 936 A:
1398 872 1419 950 ή·
1441 875 1479 936 δὲ

255 985 387 1059 κτῆςις
421 981 543 1058 χωρὶς
574 983 643 1042 τοῖν
677 979 824 1056 κλήρου
858 978 1015 1042 πάντων
1041 981 1146 1042 Ιιτιῖιςα
1174 978 1215 1041 ἐν
1244 981 1297 1060 τῷ
1324 981 1479 1058 φανερῷ

253 1083 469 1163 γεγράφθω
503 1083 590 1160 παρὰ
623 1082 756 1160 φύλαξιν
791 1080 954 1159 ἄρχουςιν,
987 1081 1035 1144 οἷς
1068 1080 1108 1145 ἂν
1142 1080 1283 1158 δνάμος
1313 1079 1479 1162 προςτάξγ,

253 1185 342 1250 ὅπως
364 1185 404 1250 άν
425 1185 457 1250 αἱ
473 1185 554 1249 δίκαι
576 1185 647 1263 περὶ
670 1184 809 1259 πάντων,
838 1182 907 1248 deor
930 1183 973 1248 εἰς
996 1184 1148 1261 χρήματα,
1171 1183 1276 1266 ῥᾴδιαί
1298 1203 1332 1248 τε
1355 1181 1410 1248 decr
1432 1183 1478 1246 καὶ

253 1291 379 1370 ςφάδρα
402 1292 519 1368 ςαφεῖς.
535 1323 571 1332 -
588 1288 629 1352 D:
653 1287 812 1365 νείμαςθαι
828 1289 864 1350 δέ
879 1290 929 1351 δεῖ
949 1289 1000 1351 καὶ
1022 1288 1097 1350 τοὺς
1121 1285 1239 1365 ἄνδρας
1255 1288 1380 1352 δώδεκα
1394 1288 1478 1364 μέρη,

251 1395 309 1472 τὴν
331 1397 387 1470 τῆς
410 1391 504 1469 ἄλλης
527 1391 633 1455 οὐςίας
648 1390 692 1454 εἰς
706 1388 756 1454 ἴςα
772 1388 791 1453 ά
806 1410 834 1452 τι
849 1390 978 1468 μάλιςτα
992 1391 1032 1453 τά
1047 1391 1173 1455 δώδεκα
1195 1391 1271 1469 μέρη
1295 1389 1476 1467 ςιινταξάμε-

140 1555 142 1564 s
251 1517 318 1571 νον,
343 1493 582 1573 ἀπογραφῆς
604 1492 766 1557 πάντων
785 1492 1477 1572 γενομένης-Ἦ,754οιπρῶτονμὲν

251 1601 389 1681 φύλακες
412 1598 550 1663 έςτωςαν
571 1601 636 1661 τῶν
658 1597 783 1675 νόμων,
817 1597 953 1660 ἔπειτα
975 1599 1051 1660 τῶν
1072 1596 1327 1676 γραμμάτων,
1361 1595 1413 1662 ὧν
1435 1598 1477 1662 ἂν

252 1703 416 1768 έκαςτος
449 1700 663 1783 ἀπογράψῃ
696 1703 779 1763 τοῖς
814 1699 976 1778 ἄρχουςι
1004 1701 1048 1764 τὸ
1076 1703 1224 1778 πλῆθος
1254 1703 1320 1776 τῆς
1352 1701 1478 1764 αὐτῶν

250 1801 399 1879 οὐςίας,
429 1805 510 1882 πλὴν
533 1802 551 1866 ὁ
575 1805 632 1882 μὲν
661 1804 802 1881 μέγιςτον
831 1803 945 1880 τίμημα
975 1803 1059 1880 ἔχων
1080 1802 1243 1882 τεττάρων
1264 1806 1365 1882 μνῶν,
1400 1803 1418 1867 ὁ
1442 1806 1477 1868 δὲ

249 1909 288 1972 τὸ
311 1908 462 1986 δεύτερον
490 1909 600 1985 τριῶν,
635 1905 653 1970 ὁ
677 1907 713 1971 δὲ
733 1907 839 1983 τρίτος
862 1909 952 1970 δυοῖν
974 1909 1081 1983 μναῖν,
1115 1909 1192 1983 μνάς
1215 1907 1252 1970 δὲ
1274 1905 1292 1970 ὁ
1316 1907 1474 1984 τέταρτος,

251 2027 324 2075 eum
347 2029 417 2075 vero
442 2010 479 2074 de
502 2009 634 2092 pecunia
655 2008 807 2091 loquitur,
843 2027 879 2072 ex
914 2027 974 2090 qna
1002 2009 1156 2072 tributum
1180 2007 1389 2074 definiendum
1412 2028 1475 2074 eene

250 2117 365 2190 censet,
383 2113 511 2178 verbum
530 2115 700 2191 τιμήματος
714 2112 816 2194 pouit:
834 2113 893 2194 leg.
910 2111 983 2190 XII,
1000 2111 1064 2176 955
1082 2112 1124 2176 D:
1141 2112 1311 2189 χρημάτων
1326 2113 1477 2192 εἰςφοράς

248 2217 318 2294 πέρι
347 2221 393 2300 τῷ
421 2222 517 2300 κοινῶ
547 2220 722 2294 τετιμήςθαι
752 2219 809 2294 μὲν
838 2215 968 2280 ἕκαςτον
1000 2217 1057 2294 τὴν
1091 2215 1200 2280 οὐςίαν
1229 2215 1321 2280 ἕνεκα
1349 2219 1477 2283 πολλῶν

248 2320 351 2396 χρεὼν
373 2317 423 2383 καὶ
445 2320 502 2396 τήν
524 2319 666 2384 ἐπέτειον
687 2319 876 2397 ἐπικαρπίαν
900 2320 934 2383 ἐν
956 2319 1129 2397 γράμμαςιν,
1150 2318 1326 2398 ἀποφέρων
1342 2318 1477 2397 ἀγρονό-

247 2442 315 2500 μοις
343 2424 496 2502 φυλέτας,
530 2422 619 2486 ὅπως
648 2423 688 2486 ἂν
717 2426 807 2487 δυοῖν
833 2423 941 2487 οὔςων
969 2427 1037 2486 ταῖν
1060 2423 1239 2502 εῖςφορςιῖν,
1273 2423 1415 2504 ὁποτέρᾳ
1436 2423 1476 2486 τά

247 2525 396 2603 δημόςιον
419 2526 458 2590 ἂν
481 2531 611 2604 χρήςθαι
645 2527 807 2605 βούληται,
841 2531 953 2604 χρῆται
985 2525 1053 2590 κατ’
1076 2527 1221 2591 ἐνιαυτὸν
1250 2527 1380 2591 ἕκαςτον
1403 2530 1475 2604 βου-

246 2630 441 2707 λευομένων,
476 2630 546 2694 ccv
575 2650 614 2694 τε
636 2635 705 2694 τοῖι
725 2631 942 2709 τιμήματος
964 2629 1063 2693 ὅλου
1085 2631 1183 2708 μέρει,
1215 2629 1271 2694 ἐάν
1293 2649 1327 2694 τε
1348 2633 1404 2706 τῆς
1424 2649 1475 2704 γε·

244 2732 377 2808 νομένης
400 2731 450 2795 ἐπ’
473 2733 617 2796 ἐνιαυτὸν
636 2732 787 2796 ψὲκάςτοτε
810 2732 983 2810 προςόδου,
1009 2734 1107 2810 χωρὶς
1127 2736 1194 2796 τῶν
1216 2732 1259 2796 εἰς
1281 2733 1321 2796 τὰ
1343 2731 1475 2798 ξυςςίτια

244 2835 452 2912 τελουμένων.
498 2833 653 2914 Quantam
687 2835 875 2899 facultatum
911 2839 1033 2918 partem
1066 2855 1193 2900 censum
1227 2853 1293 2900 esee
1331 2833 1474 2912 voluerit,

243 2937 325 3013 lece,
360 2937 412 3017 qui
435 2936 497 3000 iam
520 2937 644 3002 adlatus
673 2939 721 3002 est
747 2937 814 3020 (Vl,
832 2939 959 3020 7541)),
983 2939 1179 3020 accepimus,
1208 2955 1340 3020 quocum
1363 2955 1475 3018 quaeso

244 3038 382 3104 conferas
405 3039 442 3119 V,
468 3041 530 3104 744
553 3039 592 3106 O:
621 3043 756 3120 τέτταρα
784 3043 906 3121 μεγέθει
925 3046 990 3121 τής
1018 3042 1125 3107 οὐςίας
1146 3044 1300 3121 τιμήματα
1322 3044 1476 3108 ποιεῖςθαι

242 3144 354 3222 χρεῶν,
376 3143 526 3222 πρώτους
549 3145 599 3208 καὶ
617 3146 792 3224 δευτέρους
810 3148 860 3209 καὶ
874 3146 1000 3224 τρίτους
1015 3147 1066 3210 καὶ
1080 3144 1261 3223 τετάρτους.
1275 3181 1315 3190 -
1328 3143 1370 3209 E:
1393 3143 1475 3210 έςτω

241 3247 280 3323 δὴ
304 3247 412 3310 πενίας
435 3249 493 3325 μέν
515 3245 592 3324 ὅρος
609 3247 628 3325 ἡ
644 3253 702 3312 τοῖν
725 3249 843 3328 κλήρου
866 3251 947 3327 τιμή,
971 3249 1010 3313 ὃν
1033 3253 1080 3313 δεῖ
1103 3250 1205 3326 μένειν
1227 3250 1278 3314 καὶ
1302 3248 1340 3312 ὃν
1364 3247 1474 3325 ἄρχων

241 3347 346 3412 οὐδεὶς
369 3348 476 3414 οὐδενί
495 3368 574 3414 ποτε
595 3350 782 3430 περιόψεται
798 3351 918 3417 ἐλάττω
933 3351 1120 3429 γιγνόμενον
1136 3387 1178 3400 -..
1193 3353 1308 3430 μέτρον
1324 3354 1360 3418 δὲ
1374 3350 1476 3414 αὐτὸν

240 3452 380 3529 θέμενος,
404 3451 422 3514 ὁ
445 3454 619 3531 νομοθέτης
643 3453 804 3518 διπλάςιον
823 3454 908 3518 ε’άςει
930 3455 1047 3518 τούτου
1071 3457 1200 3519 κτάςθω
1222 3456 1272 3520 καὶ
1291 3453 1474 3533 τριπλάςιον

240 3555 291 3619 καὶ
313 3555 402 3632 μέχρι
424 3553 694 3634 τετραπλαςίουή.
1466 3625 1469 3630 ,

344 3655 452 3739 Neque
468 3658 580 3742 exigua
592 3659 671 3723 ‘fides
686 3659 759 3723 huic
771 3658 857 3724 uocis
873 3661 1045 3740 τιμήματος
1063 3659 1313 3741 interpretationi
1329 3659 1473 3736 addetur,

239 3759 266 3822 ei
281 3759 314 3823 in
330 3759 406 3825 duos
419 3761 635 3826 Demosthenis
650 3761 734 3826 locos
749 3761 925 3826 accuratius
940 3762 1204 3846 inquisiverimus‚
1220 3762 1306 3845 XIV,
1321 3764 1361 3828 19
1374 3764 1406 3827 et
1417 3763 1472 3831 27.

340 3985 360 4051 ¹)
380 3979 634 4047 Cf.Polluc.V111‚
652 3983 717 4036 1-13:
735 3985 904 4052 έπιγραφεῑς
918 4013 952 4026 ·-
963 3986 1131 4053 ἐπέγραψαν
1150 3986 1181 4039 δὲ
1200 3987 1247 4038 καί
1265 3985 1302 4039 τὰ
1321 3986 1471 4052 τιμήματα

238 4069 365 4124 ἑκάςτοις
384 4071 457 4125 κατὰ
475 4072 530 4136 τήν
549 4071 642 4136 dilen
660 4071 743 4126 Beck.
762 4071 860 4127 Anecd.
880 4073 938 4138 187,
958 4073 1003 4138 14;
1023 4071 1096 4126 said.
1115 4073 1137 4137 Ι,
1158 4074 1181 4138 1,
1199 4073 1259 4138 375,
1279 4072 1310 4126 17
1329 4089 1368 4142 eq.

340 4158 361 4224 ²)
379 4155 457 4210 Nolis
474 4156 562 4226 igitur
580 4157 609 4210 in
628 4157 725 4222 titulo,
739 4205 740 4210 ,
753 4160 800 4227 qui
818 4158 909 4212 Herm.
928 4158 958 4212 Il
976 4175 1001 4227 p.
1020 4159 1070 4216 169
1088 4159 1176 4212 editus
1195 4162 1248 4226 eet,
1267 4159 1361 4214 verba:
1390 4165 1470 4215 »καθ’

236 4242 307 4295 ἑπτὰ
326 4245 422 4306 μνάςν,
441 4257 509 4310 quac
521 4243 553 4295 ad
567 4243 653 4309 ipsius
665 4242 787 4296 officinae
799 4243 915 4312 pretium
933 4243 1067 4312 pertinere
1084 4243 1212 4298 mercedis
1230 4261 1335 4298 summa
1353 4245 1475 4301 efficitur

234 4326 433 4395 quinquaginta
459 4330 588 4397 quattuor
614 4329 784 4396 drachmum,
815 4330 1023 4399 appositionem,
1053 4347 1133 4399 quam
1163 4331 1259 4385 dicunt
1287 4335 1474 4402 grammatici,

234 4410 427 4466 uocabulorum
447 4415 535 4468 „nord
552 4415 586 4468 τὸ
599 4415 724 4482 τίμημαν
744 4416 909 4484 intellegere,
929 4417 974 4470 ced
987 4433 1000 4470 e
1013 4416 1104 4471 Photii
1122 4419 1263 4474 verborum
1281 4420 1474 4474 consecutione

234 4497 366 4565 explicare
385 4499 456 4567 (110,
477 4503 489 4554 1
509 4504 574 4570 aql:
600 4504 649 4556 ιτὸ
668 4508 726 4557 πᾶν
743 4507 850 4570 πλῆθος
867 4533 902 4542 -
920 4509 979 4558 τῶν
998 4489 1071 4558 κατὰ
1089 4507 1141 4560 τάς
1160 4506 1255 4560 οὐςίας
1273 4507 1473 4572 τιμημάτωνν.
