3232 5044
671 238 883 305 ‚39...

159 430 273 510 μορίαν
295 431 376 508 ὑπὲρ
398 431 476 508 ἐμοῦ
499 429 706 496 ςυνετάξοντο
730 429 810 517 κατὰ
827 429 886 495 τὰς
898 430 991 494 πέντε
1006 430 1058 494 καὶ
1073 428 1167 494 είκοςι
1182 434 1260 508 μνᾶς
1275 452 1388 498 πεντα·

158 535 264 599 rector
286 533 429 613 δραχμὰς
451 531 622 615 είςφέρειν;
653 549 722 610 cur,
746 549 874 613 queeso,
897 531 1112 609 samsucius,
1136 551 1215 614 quae
1238 537 1386 602 censendo

159 636 360 712 efficiebatur,
383 651 499 712 census,
523 634 637 714 τίμημα
659 650 720 698 non
743 633 846 717 potnit
868 633 995 700 νοοαιίῖ

264 737 322 804 Sed
341 738 441 804 altera
462 737 527 801 iem
548 739 648 802 oritur
670 738 820 821 quaestio,
842 755 920 820 quae
943 755 1098 804 summam
1120 737 1170 802 his
1193 739 1386 822 temporibus

159 843 243 905 iuter
276 843 355 906 viros
389 841 495 906 doctos
530 840 698 906 commorit
731 839 966 924 dissensionem,
1000 860 1076 909 num
1106 843 1210 926 partes
1240 842 1314 908 illae
1339 843 1384 908 roi

158 943 337 1021 familiaris,
364 961 444 1028 quae
466 944 507 1009 ad
529 943 733 1028 magistratus
755 942 983 1023 deferebantur,
1005 944 1125 1010 reditus
1148 944 1244 1010 annui
1266 943 1384 1012 fuerint

155 1063 261 1112 necue.
300 1047 350 1112 Ad
380 1065 446 1112 rom
479 1047 707 1112 condicendam
742 1046 945 1131 gravissimus
978 1046 1057 1112 mihi
1091 1045 1213 1114 ridetur
1241 1045 1384 1112 Platonis

153 1151 256 1228 locus,
285 1167 375 1233 quem
397 1169 427 1233 p.
451 1151 495 1214 34
516 1155 771 1236 commemorari,
799 1154 860 1236 leg.
883 1150 956 1230 XII,
980 1151 1044 1220 955
1057 1149 1106 1227 D;
1141 1149 1275 1232 scriptor
1299 1151 1382 1216 onim

152 1253 296 1335 enciens,
319 1256 353 1318 ut
375 1253 487 1319 tributi
508 1253 685 1321 conferendi
707 1273 800 1321 oanss
822 1257 904 1322 ciros
926 1255 973 1320 roi
995 1255 1151 1336 pennoso,
1173 1273 1209 1320 ex
1228 1272 1285 1320 sua
1306 1253 1378 1338 qui·

155 1358 227 1420 dem
243 1355 395 1422 sententia
409 1357 648 1437 constituendae,
671 1359 796 1424 οιιιιοίιιυ
812 1359 977 1424 ίοοιιλίοίοε
993 1356 1218 1440 profiterentur,
1242 1356 1382 1424 hominos

157 1463 273 1540 primae
288 1459 396 1526 classis
411 1463 546 1544 exceptis
560 1461 730 1544 quaternis,
747 1461 876 1526 ulterius
892 1459 1001 1542 ternis,
1017 1461 1128 1529 tertius
1143 1461 1234 1540 binis,
1251 1461 1381 1543 quartae

152 1560 285 1645 singulis
307 1563 402 1628 minis
410 1562 452 1645 ¹),
475 1581 512 1629 uc
532 1567 694 1645 praetores
715 1563 847 1630 tribulus
870 1561 1024 1631 retentent
1045 1563 1279 1645 quaestoribus,
1302 1562 1381 1646 quid

151 1663 259 1748 cuique
293 1667 458 1748 quotannis
490 1667 622 1749 rediret,
655 1666 749 1734 finem
782 1667 875 1732 huius
909 1666 987 1749 legis
1020 1665 1077 1734 hoc
1106 1666 1198 1734 ruodo
1221 1664 1378 1748 exposuit:

153 1768 261 1834 υόπως
277 1770 318 1835 ἂν
332 1774 424 1835 δυοῖν
446 1771 555 1836 οὔταιν
575 1773 646 1836 ταῖν
668 1771 842 1854 είςφοριιίν,
865 1771 1008 1854 ὁποτέρᾳ
1021 1771 1061 1836 τό
1077 1769 1227 1848 δημόςιον
1242 1768 1282 1834 ἂν
1304 1773 1379 1848 χρῆ·

147 1877 217 1936 ςθαι
239 1873 402 1952 βούληται,
425 1878 536 1953 χρῆται
558 1874 625 1940 κατ’
647 1875 794 1940 ἐνιαυτόν
816 1875 948 1942 ἕκαςτον
970 1874 1221 1954 βουλευομένων,
1244 1871 1317 1938 ἐάν
1339 1892 1379 1936 τε

148 1979 218 2040 τοῦ
241 1977 457 2055 τιμήματος
478 1976 575 2042 ὅλου
596 1979 720 2057 μέρει,
754 1978 822 2043 ἐάν
845 1997 884 2042 τε
906 1981 972 2056 τῆς
994 1977 1207 2055 γενομένης
1230 1973 1286 2039 ἐπ’
1309 1975 1378 2039 ἐνι-

146 2182 281 2260 μένιυνιι.
303 2183 459 2248 Discrevit
474 2183 573 2269 igitur
587 2185 679 2250 Plnto
693 2203 754 2250 non
770 2185 881 2259 solum,
898 2185 934 2250 ut
944 2184 1036 2266 poulo
1051 2183 1125 2249 ante
1139 2181 1331 2248 ostendimus
1338 2179 1377 2262 ⁹),

146 2303 211 2348 rem
241 2285 430 2352 familiarem
458 2289 584 2371 eiusque
612 2291 748 2370 purtem,
782 2307 874 2372 quam
903 2285 1187 2362 consererent,
1221 2284 1275 2350 sod
1297 2283 1377 2348 hanc
1446 2367 1455 2376 ἡ

144 2405 266 2469 qnoque
281 2406 437 2457 summam
453 2395 485 2456 ot
500 2394 693 2474 praediorum
716 2392 850 2468 fructus;
874 2409 929 2458 cnr
944 2391 981 2456 de
996 2390 1046 2456 his
1062 2389 1162 2454 solum
1186 2387 1376 2452 mentionem

144 2491 258 2572 faeiat,
274 2498 439 2574 causaest,
456 2497 547 2579 quod,
564 2515 603 2561 ue
616 2495 748 2562 artificia
763 2514 840 2562 noro
856 2495 935 2560 alies
951 2513 999 2560 res
1014 2495 1161 2577 quaestus
1176 2490 1278 2574 gretia
1294 2491 1375 2554 cives

144 2602 324 2674 exerceant,
347 2617 381 2662 se
404 2602 477 2666 ante
498 2599 604 2665 omniu
626 2618 717 2684 agere
742 2599 842 2666 vertis
864 2600 1009 2672 declarat,
1033 2613 1111 2678 quas
1133 2595 1195 2678 leg.
1211 2593 1248 2671 V,
1266 2589 1375 2656 7431>

143 2699 281 2766 exstant:
312 2703 444 2781 λέγομεν
466 2703 504 2780 δή
527 2704 604 2782 μήτε
626 2705 743 2783 χρυςόν
765 2701 844 2768 είναι
867 2705 934 2768 δεῖν
956 2702 1031 2780 μήτε
1055 2699 1195 2780 ἄργυρον
1218 2697 1252 2761 έν
1274 2695 1374 2770 πόλει,

142 2803 225 2881 μήτ’
248 2804 294 2868 αὖ
317 2807 584 2886 χρηματιςμόν
609 2809 734 2874 πολὺν
756 2809 819 2872 διὰ
842 2805 1057 2886 βαναυςίας
1080 2805 1141 2870 καὶ
1163 2803 1291 2867 τόκων
1312 2821 1374 2880 μη-

145 2908 188 2970 δὲ
221 2909 475 2987 βοςκημὰτων
512 2911 695 2988 αἰςχρῶν,
732 2909 810 2976 ἀλλ’
840 2910 909 2976 όςα
942 2909 1112 2988 γεωργία
1144 2907 1279 2972 δίδωςι
1312 2903 1373 2966 καὶ

144 3010 272 3086 φέρει,
305 3013 357 3076 καὶ
386 3012 512 3076 τούτων
542 3012 646 3078 διιόςα
673 3015 714 3092 μή
741 3013 1008 3091 χρηματιζόμενον
1042 3009 1208 3086 ἀναγκόςει
1240 3005 1374 3084 ἀμελεῖν,

145 3107 192 3172 ιίιν
213 3111 301 3178 ἕνεκα
321 3116 443 3196 πέφυκε
458 3117 498 3180 τὰ
514 3117 670 3194 χρήματος
695 3114 735 3179 cf.
749 3115 929 3196 742Asqq.
941 3113 1034 3178 -Oz
1057 3114 1153 3191 μηδὲ
1169 3108 1370 3175 δανείζειν

143 3213 203 3276 ἐπὶ
236 3215 351 3302 τόκῳ,
385 3217 428 3283 ὡς
452 3219 524 3286 ἐξόν
554 3219 594 3296 μὴ
627 3217 818 3283 ἀποδιδόναι
847 3218 884 3282 τό
916 3215 1067 3295 παράπαν
1088 3220 1135 3296 τῷ
1159 3211 1370 3294 δανειςαμένῳ

138 3317 216 3395 μήτε
239 3319 349 3397 τόκον,
371 3322 448 3401 μήτε
470 3322 653 3402 κεφάλαιον.
668 3358 711 3368 -
727 3319 782 3404 VI,
807 3319 869 3384 846
885 3315 935 3404 Ι);
958 3317 1019 3382 847
1036 3318 1084 3402 A3
1107 3313 1150 3381 D.
1185 3313 1217 3380 si
1240 3331 1312 3378 vero
1334 3330 1370 3377 eo

137 3420 248 3498 aetate,
272 3440 334 3504 qua
355 3423 554 3490 duodecimus
577 3423 631 3489 ille
652 3424 732 3489 liber
747 3443 772 3502 ,a
791 3423 923 3489 Platone
946 3422 1101 3488 confectus
1125 3420 1188 3499 est,
1212 3420 1232 3484 i.
1249 3435 1276 3482 e.
1298 3417 1370 3498 post

244 3694 264 3761 ¹)
283 3693 359 3748 Hono
384 3694 484 3762 legem,
512 3709 579 3763 quae
597 3695 649 3759 VI,
668 3696 760 3750 7541)
777 3697 834 3750 lota
852 3699 905 3764 est,
932 3696 965 3748 ad
982 3695 1086 3749 tribute
1114 3696 1201 3748 solum
1227 3692 1368 3764 pertinere,

131 3778 213 3846 plane
231 3793 386 3848 οοςιιοεοοι,Ι
410 3781 433 3834 si
449 3781 607 3849 respexeris,
630 3797 745 3850 quarum
762 3798 852 3836 rerum
870 3797 948 3836 causa
965 3781 1072 3837 omnino
1091 3781 1206 3849 scriptor
1223 3795 1285 3848 opes
1303 3794 1363 3832 cen·

133 3864 229 3919 scudas
253 3882 310 3920 esse
332 3867 538 3935 existimaverit3
566 3868 633 3923 dicit
656 3871 727 3923 enirn
749 3870 801 3938 leg.
821 3869 852 3934 V,
871 3868 974 3923 74413:
1001 3869 1044 3924 δεῖ
1066 3869 1260 3934 -τιμήματα
1285 3868 1366 3920 ἄνιςα
1470 3938 1472 3943 Ι

131 3953 278 4018 γενέςθαι,
305 3953 344 4007 ἵν’
371 3953 475 4022 ἀρχαί
500 3972 538 4010 τε
566 3959 623 4008 καὶ
651 3955 814 4023 είςφοραί
840 3958 896 4009 καί
925 3956 1095 4021 διανομαί
1117 3954 1213 4023 [κατὰ]
1238 3955 1294 4019 τὴν
1312 3957 1365 4020 τῆς

131 4038 211 4094 ἀξίας
231 4040 357 4094 ἑκάςτοις
376 4043 474 4107 τιμὴν,
497 4044 533 4108 μὴ
553 4045 615 4096 κατ’
633 4044 740 4111 ἀρετήν
759 4045 860 4108 μόνον,
882 4044 936 4110 τήν
955 4061 986 4098 τε
1005 4044 1158 4111 προγόνων
1177 4043 1223 4093 καὶ
1242 4041 1296 4105 τὴν
1316 4041 1364 4094 αὑ-

130 4129 184 4178 τοῦ
205 4127 277 4191 μηδὲ
300 4128 374 4180 κατὰ
392 4128 535 4192 coporos
554 4129 630 4196 ίςχθς
648 4132 695 4184 καὶ
713 4130 885 4199 εὐμορφίας,
909 4131 980 4186 ἀλλὰ
998 4130 1134 4184 καὶκατὰ
1152 4129 1279 4183 πλούτου
1298 4131 1365 4194 χρῆ-

131 4227 174 4264 ςιν
192 4214 239 4265 καί
251 4212 352 4268 πενίας
371 4215 432 4268 τὰς
450 4217 554 4280 τιμάς
570 4233 608 4270 τε
626 4219 684 4271 καὶ
702 4216 811 4285 ἀρχὰς
831 4220 875 4272 ιίις
893 4216 1023 4271 ίςαίτατα
1041 4222 1083 4284 τῷ
1097 4214 1194 4282 ἀνίςψ,
1213 4213 1362 4278 ξυμμέτρψ

131 4299 162 4350 δὲ
181 4296 433 4365 ἀπολαμβάνοντες
458 4304 502 4378 μή1
520 4303 715 4370 διαφέρωνται
721 4322 728 4368 ;
756 4303 791 4357 cf.
816 4304 899 4356 etiem
918 4303 949 4370 V,
968 4303 1019 4358 745
1030 4303 1065 4367 A,
1085 4316 1164 4370 quem
1181 4300 1269 4354 locum
1287 4313 1312 4365 p.
1330 4295 1365 4350 34

131 4398 345 4443 commemoravi.

234 4474 255 4538 ²)
274 4488 298 4540 r·
317 4471 358 4526 34·
