3232 5044
646 268 858 334 ..37-

134 459 227 543 quota
248 475 320 540 pars
342 461 402 521 τοῦ
425 457 594 536 τιμήματος
616 461 675 522 τοῦ
698 461 753 536 τῆς
776 459 882 537 χώρας
904 458 1104 538 conferretur,
1129 461 1238 526 statim
1258 462 1365 546 cogni-

134 567 202 630 tum
218 579 285 626 1111
301 559 491 635 habiturum,
514 561 629 640 quanta
651 559 890 641 pecuniaque
913 578 984 643 pars
999 578 1125 626 suarum
1147 562 1245 644 ipsius
1268 563 1365 630 facul·

133 669 240 732 tatum
263 682 370 728 census
393 661 456 726 sibi
478 662 623 728 solvenda
644 667 740 740 esset,
764 662 931 728 credidisse
952 663 1084 740 sentias,
1114 666 1195 747 qnod
1218 665 1365 732 facillime

134 774 206 834 tum
228 767 296 832 lieri
315 765 428 848 potuit,
452 765 480 830 si
494 768 532 830 τὸ
548 767 664 846 τίμημα
679 768 717 831 τὸ
733 771 788 846 τῆς
811 769 918 848 χώρα(
939 785 1065 832 censum
1087 768 1182 834 111111
1205 769 1365 834 existimes

133 872 183 936 rei
199 869 371 948 familiaris,
395 886 472 951 quae
496 869 649 934 universis
672 872 740 934 erat
763 869 949 948 hominihus,
973 873 1005 936 et
1019 889 1271 954 unumquemque
1291 891 1365 938 ean·

138 975 207 1039 dem
236 975 283 1038 sui
313 971 412 1054 ipsius
441 989 550 1038 1111111
574 975 695 1054 partem
719 971 901 1051 contulisse,
936 974 1366 1055 1111τοῦτίμηματοςτοῦ

136 1083 189 1157 τῆς
205 1079 311 1156 χώρας
328 1078 480 1158 imperata
495 1075 581 1156 1111).
607 1073 723 1140 Contra
737 1076 764 1138 si
779 1077 870 1142 Bakii
884 1076 1054 1159 sequereris
1070 1076 1228 1158 iudicium,
1252 1079 1366 1142 Demo·

133 1182 278 1246 sthenem
302 1179 381 1243 nihil
403 1178 593 1257 declarasse,
617 1197 711 1261 quam
733 1178 885 1245 rationem
908 1180 1126 1262 pecuniarum,
1150 1198 1226 1262 quas
1248 1181 1367 1263 singuli

133 1284 276 1354 homines
303 1284 371 1346 tum
400 1279 532 1363 professi
559 1282 662 1360 erant,
698 1299 821 1346 summa
843 1281 971 1348 haberet
992 1283 1031 1347 ad
1053 1285 1091 1349 τὸ
1114 1284 1228 1363 τίμημα
1250 1285 1288 1348 τὸ
1311 1287 1366 1363 τής

135 1390 255 1467 χώρας,
290 1405 325 1450 ex
346 1383 440 1448 huius
469 1383 593 1465 quidem
614 1385 816 1468 grammatici
838 1386 978 1467 opinione
1002 1387 1162 1465 constans,
1196 1385 1366 1467 permirum

135 1491 303 1566 uideretur,
336 1505 408 1554 cum
430 1487 463 1552 in
486 1489 593 1570 aperto
614 1492 696 1564 esset
718 1488 750 1553 in
772 1487 952 1568 reputandis
975 1506 1010 1552 ac
1032 1488 1215 1556 definiendis
1239 1488 1366 1556 tributis

135 1592 343 1658 Athenienses
358 1594 432 1656 ente
447 1591 551 1656 omnia
574 1608 700 1656 censum
723 1595 903 1656 cunctorum
924 1591 1096 1671 hominum,
1119 1593 1217 1658 111111
1240 1595 1366 1659 demum

133 1696 215 1774 1111,
243 1697 271 1759 11
294 1693 419 1760 omnino
441 1694 472 1758 id
496 1693 659 1773 fecissent,
683 1693 874 1775 respecturos
897 1694 1228 1776 ί111111111ι1τίμημα
1251 1699 1288 1764 τὸ
1311 1703 1366 1776 τῆς

132 1801 251 1879 χώρας,
275 1797 357 1880 quod
378 1816 397 1864 a
418 1795 518 1862 Β11ίο
541 1797 747 1878 excogitatum
770 1798 827 1862 est.

238 1900 338 1976 Adde,
362 1900 443 1982 quod
462 1900 645 1965 Aristoteles
668 1917 788 1982 quoque
811 1901 848 1966 τὸ
871 1901 985 1979 τίμημα
1008 1906 1065 1967 τοῦ
1089 1902 1365 1968 1111111111οωί-

134 2025 209 2070 num
238 2004 452 2069 universorum
481 2020 572 2076 censu
596 2003 811 2086 computatum
832 2022 896 2068 esse
918 2003 1054 2070 testatur
1075 2004 1201 2070 Politia.
1226 2005 1264 2084 V,
1290 2007 1319 2080 7,
1345 2006 1365 2070 6

138 2108 236 2190 (1038
248 2128 279 2185 1,
303 2107 345 2172 35
366 2108 445 2188 sqq.)
471 2107 523 2188 [Η,
547 2105 566 2170 8
590 2106 637 2170 ed.
651 2105 848 2188 Susamihl.]:
872 2107 954 2187 πρὸς
977 2111 1012 2174 δὲ
1035 2111 1092 2188 τήν
1121 2110 1173 2174 διὰ
1194 2111 1364 2188 τιμήματος

133 2213 302 2292 γινομένην
337 2211 514 2289 μεταβολὴν
545 2210 577 2276 ἐξ
606 2208 785 2288 ὀλιγαρχία(
818 2211 868 2274 καὶ
901 2211 1069 2287 πολιτείας,
1103 2211 1182 2278 ὅταν
1216 2213 1364 2296 ςυμβαίνῃ

133 2301 232 2383 τοῦτο
256 2314 418 2395 μενόντων
440 2315 498 2392 μὲν
520 2316 585 2377 τῶν
608 2313 714 2378 αὐτῶν
737 2313 932 2393 τιμημάτων,
966 2315 1154 2393 εὐπορίας
1187 2318 1229 2381 δὲ
1262 2316 1364 2394 νομί-

132 2439 278 2500 ςματος
310 2418 531 2496 γινομένης,
566 2418 755 2496 ςυμςρέρει
788 2421 859 2481 τοῦ
883 2418 1097 2498 τιμήματος
1134 2419 1366 2502 έπιςκοπεῑν

134 2527 204 2608 τοῦ
237 2523 371 2585 κοινοῦ
399 2521 445 2584 τὸ
472 2523 622 2598 πλῆθος
650 2521 744 2598 πρὸς
767 2521 810 2586 τὸ
834 2522 1034 2599 παρελθὸν
1065 2523 1099 2586 ἐν
1121 2521 1207 2586 ὅςαις
1229 2525 1286 2601 μὲν
1308 2522 1366 2588 πό-

133 2631 197 2692 lect
227 2627 376 2703 capdavaco
404 2621 470 2687 rou*
499 2623 659 2699 ἐνιαυτὸν,
692 2623 771 2687 κατὰ
793 2627 910 2690 τοῦτον
933 2623 991 2688 τὸν
1015 2626 1149 2704 χρόνον,
1183 2625 1218 2690 έν
1241 2627 1277 2690 δὲ
1300 2628 1367 2690 ταῖς

134 2730 255 2809 μείῑοςι
276 2728 328 2792 διὰ
350 2727 543 2805 τριετηρίδος
565 2727 584 2805 ἢ
607 2727 866 2805 πενταετηρίδος,
896 2726 966 2790 κᾶν
988 2727 1007 2810 ᾔ
1030 2729 1365 2808 πολλαπλάςιονῆ

135 2829 481 2908 πολλοςτημόριον
515 2833 583 2893 τοῦ
612 2829 825 2908 πρότερον,
857 2831 891 2894 ἐν
914 2829 940 2913 ᾧ
964 2829 995 2894 αἱ
1018 2833 1149 2910 τιμήςειε
1180 2833 1368 2910 κατὲςτηςαν
1405 2849 1411 2858 ·

135 2941 194 3020 τῆς
228 2933 401 3019 πολιτείας,
435 2933 536 3011 νόμον
570 2933 649 2998 είναι
681 2935 732 2996 καὶ
759 2933 798 2996 τὰ
827 2935 979 3013 τιμήματα
1014 2935 1174 3001 ἐπιτείνειν
1196 2937 1215 3014 ἢ
1239 2933 1367 3009 ἀνιέναι,

138 3038 197 3105 ἐὰν
227 3041 283 3117 μὲν
316 3035 512 3119 ὑπερβάλλῃ,
546 3036 757 3101 ἐπιτείνοντας
790 3037 869 3100 κατὰ
902 3039 958 3114 τὴν
991 3036 1277 3110 πολλαπλαςίωειν,
1311 3036 1368 3099 ἐὰν

44 3133 46 3136 ’
140 3137 171 3208 δ’
197 3140 326 3224 ἐλλείπῃ,
350 3137 492 3202 ἀνιέντας
515 3141 566 3201 καὶ
589 3137 728 3202 ἐλλάττια
752 3141 922 3202 ποιοῦντας
944 3140 1009 3216 τὴν·
1023 3139 1151 3217 τίμηςιν.

244 3242 382 3324 Denique
411 3239 517 3304 futilia
546 3257 610 3304 esse
639 3240 836 3325 argumenta,
867 3239 979 3322 quibus
1001 3238 1149 3334 Boeolrhii
1177 3239 1366 3304 sententiam

138 3345 177 3410 ut
199 3343 311 3409 falsam
340 3343 481 3408 convinci
503 3343 617 3407 Belius
641 3341 813 3407 arbitretur
839 3343 890 3424 (of.
912 3362 941 3426 p.
966 3341 1106 3426 3511),
1136 3345 1281 3420 nonest,
1312 3359 1367 3407 111

138 3449 263 3536 longius
278 3451 506 3526 demonstrem,
529 3450 598 3530 quis
615 3448 708 3527 enim,
731 3445 854 3528 etiamsi
877 3466 1003 3512 summa
1023 3435 1208 3517 facultatum
1230 3447 1368 3530 singulo-

137 3569 210 3616 rum
232 3551 395 3619 hominum
417 3568 579 3618 sensarum
603 3568 664 3617 non
687 3551 796 3616 eadem
819 3568 1000 3632 unoquoque
1023 3554 1162 3632 tempore
1186 3550 1269 3628 erat,
1298 3550 1369 3614 fieri

138 3655 278 3736 potuisse
301 3653 440 3737 negabit,
463 3655 500 3718 ut
515 3653 670 3719 tributum
691 3654 825 3738 singulis
848 3652 937 3719 annis
959 3652 1145 3736 exigendum
1168 3671 1223 3734 pro
1245 3653 1368 3738 magni-

137 3757 251 3822 tudine
272 3756 487 3821 nominaretur
506 3757 681 3836 centesima,
706 3757 971 3840 quinquagesima,
996 3755 1143 3822 uicesima
1163 3756 1255 3821 huius
1271 3755 1368 3837 ipsius

139 3859 303 3924 summae?
341 3858 486 3924 Ceterum
515 3860 541 3924 si
569 3861 641 3924 ante
674 3861 776 3924 oculos
810 3859 939 3942 habeas,
974 3879 1032 3942 quo
1066 3859 1156 3924 modo
1190 3857 1305 3924 Bahius
1339 3857 1370 3920 et

138 3963 262 4046 partem
294 3962 346 4038 rei,
370 3959 550 4040 familiaris,
584 3981 663 4044 quae
686 3982 705 4028 1
726 3962 856 4044 singulis
893 3961 1069 4042 hominibus
1098 3962 1137 4026 ad
1165 3959 1368 4042 magistratus

139 4065 245 4130 deleta
276 4068 339 4142 est,
370 4068 401 4130 et
425 4082 552 4130 censum
579 4065 677 4130 totius
705 4069 807 4130 terrae
831 4067 880 4146 (τὸ
902 4067 1017 4145 τίμημα
1038 4067 1077 4129 τὸ
1099 4068 1154 4142 τῆς
1177 4063 1294 4147 χώρας)
1319 4081 1369 4128 11-

139 4168 238 4250 plicet
264 4204 300 4214 -
326 4187 355 4250 p.
381 4167 440 4232 147
464 4167 558 4232 dicit:
591 4167 669 4234 „Sed
692 4169 817 4233 omnino
839 4167 975 4232 voluisse
999 4169 1140 4234 videntur
1165 4165 1370 4229 Athenienses

139 4329 346 4338 Μ

245 4409 265 4474 ¹)
284 4406 415 4460 Rodberti
433 4405 596 4460 sententiam
614 4421 674 4460 eum
692 4403 754 4470 hac,
774 4417 855 4472 quam
872 4401 952 4456 modo
969 4402 1083 4472 protuli,
1105 4400 1313 4469 discrepantem,
1336 4415 1371 4460 ne

140 4508 182 4546 111
200 4492 355 4558 turbentur,
373 4491 484 4547 consilio
502 4493 546 4546 hic
564 4491 669 4560 neglexi
675 4511 682 4557 ;
704 4491 737 4545 of.
756 4503 780 4556 p.
799 4487 833 4541 43
851 4503 907 4556 sqq.
