3232 5044
654 263 859 332 ,gg-

242 447 346 529 Queon
368 466 532 518 munerum
553 447 759 514 differentiam
787 453 927 518 tenentes
957 455 988 516 et
1017 453 1137 518 veteres
1165 455 1365 537 gremnetioi

20 632 25 642 1
139 571 262 631 omues,
285 552 494 634 quereiam,
517 570 624 618 vocem
647 553 798 634 εἰιρορᾶτ
821 552 1018 635 Interpreteti
1040 560 1114 620 sunt
1136 558 1267 636 rttscuo
1276 555 1312 636 ¹),
1336 559 1368 624 et

139 656 202 739 ipsi
224 656 400 738 scriptores,
424 673 496 724 eum
517 654 640 739 proprie
662 656 818 734 dixerunt,
842 657 1007 732 tributum,
1031 659 1112 738 quod
1134 678 1171 724 ex
1186 679 1279 728 censu
1293 678 1365 728 oon·

142 762 248 828 Istum
270 763 324 834 eet,
348 757 522 844 eliturgiis
543 759 772 827 disiunxerunt:
794 759 890 826 Isoor.
907 759 975 838 XV,
993 761 1071 828 145:
1094 762 1137 827 εἰτ
1153 765 1190 830 δὲ
1206 765 1281 830 τοὺς
1303 769 1368 830 tro·

142 864 267 930 socient
294 864 344 928 ιιιιὶ
366 863 484 942 χιλίουι
512 864 605 930 τοὺ-τ
639 863 903 944 εἰιφέρονται
936 866 1001 930 καὶ
1031 869 1368 944 λειτουργοῦντα(

142 967 181 1032 οὐ
202 967 305 1044 μόνον
325 966 425 1032 αὑτὸν
446 966 592 1046 παρέχει(
613 965 693 1030 ἀλλὰ
715 967 766 1033 καὶ
788 966 845 1034 τὸν
875 967 963 1042 υἱὸν,
991 969 1041 1038 unt
1062 969 1129 1047 τρὶ(
1151 971 1208 1047 μὲν
1229 970 1290 1048 ἤδη
1312 991 1367 1035 τε·

141 1069 474 1148 τριηραρχήκατε,
508 1069 580 1132 odo
610 1061 639 1134 δ’
670 1067 787 1135 ἄλλα(
820 1072 1076 1148 λειτουργίαι
1104 1076 1368 1153 πολυτελέττερον

141 1172 505 1248 λελειτουργήιιατι
528 1173 579 1238 eut
601 1171 743 1247 κάλλιον,
765 1169 812 1239 ων
827 1172 858 1236 οἱ
879 1173 971 1251 νόμοι
992 1176 1253 1253 τιρο(τάττουιιν;
1277 1178 1366 1242 Deru.

141 1273 243 1348 XLII,
256 1275 290 1340 3:
314 1273 486 1350 ἀναγκαῖόν
507 1274 588 1342 dcere
607 1274 652 1342 etc
672 1275 730 1352 τὴν
746 1275 822 1352 ἐμηυ
838 1274 923 1342 τάξιν
938 1281 1100 1354 πιιρᾶιθαι
1115 1279 1294 1346 καθιιτάνιιι
1309 1280 1368 1344 τὸν

142 1377 182 1442 οὐ
197 1377 296 1455 μόνον
318 1377 396 1454 ἐμοῦ
410 1380 471 1440 νῦν
485 1375 564 1442 ὄντα
585 1377 819 1454 πλουτιώτερον
842 1378 922 1444 ἀλλὰ
937 1381 988 1446 καὶ
1002 1380 1163 1459 πρότερον
1184 1384 1236 1446 καὶ
1257 1382 1367 1448 οὐδε-

143 1478 289 1543 πώποτ’
311 1479 435 1544 οὐδὲν
464 1480 824 1558 λελειτουργηκότα
858 1481 947 1560 ὑμῖν
980 1482 1060 1546 οὐδ’
1083 1482 1369 1563 εἰιενηνοχότα

140 1581 300 1666 metten
322 1582 411 1651 Dum.
427 1581 557 1664 XLVII,
573 1581 631 1648 54:
655 1572 811 1650 ἀλλ’ὑπό
834 1588 1093 1663 λειτουργιῶν
1115 1588 1179 1654 κοιὶ
1202 1591 1282 1652 τῶν
1298 1588 1368 1652 etc·

139 1689 255 1765 φορῶν
277 1687 328 1754 καὶ
350 1691 407 1765 τῆς
427 1687 510 1766 πρὸ(
531 1686 611 1764 ὑμᾶς
634 1686 809 1766 φιλοτηιίτιι
837 1687 882 1752 ro
898 1689 955 1767 μὲν
978 1687 1110 1767 ἐνέχυρα
1132 1690 1229 1758 νεῖται
1251 1689 1366 1766 αὐτῶν,

139 1789 182 1855 τὰ
195 1790 232 1853 δὲ
253 1788 424 1872 πέπραταη
446 1787 559 1870 Lysiae
575 1787 695 1866 XVIII,
710 1788 743 1852 I:
766 1791 935 1872 τυνῄδειαν
957 1792 1018 1870 γὰρ
1040 1789 1153 1858 eroco
1175 1794 1282 1860 aeon
1304 1792 1368 1858 ὑπὸ

141 1894 197 1968 τῆς
216 1890 344 1960 πόλεως
363 1892 558 1970 τιμωμένοις,
570 1892 631 1982 ,καὶ
645 1894 807 1970 πολλαχοῦ
823 1895 880 1970 μὲν
899 1893 980 1972 ὑπὲρ
1002 1893 1091 1971 ὑμῶν
1113 1895 1370 1969 κεκινδυνευιόιι,

140 1994 310 2073 μεγάλαι
332 1989 362 2059 δ’
385 1993 585 2074 εἰτιρορὰ(
617 1995 895 2074 εἰτενηνυχότι
923 1997 985 2060 καὶ
1013 1997 1368 2075 λελειτουργηκότι

141 2097 346 2174 κάλλιττα,
372 2099 424 2163 καὶ
446 2101 510 2165 τῶν
534 2097 638 2165 ἄλλων
660 2099 794 2171 οὐδενὸς
816 2099 939 2172 πώποτ’
962 2097 1146 2174 ἀποιτᾶτιν,
1169 2097 1217 2172 don
1238 2099 1257 2177 ἡ
1278 2099 1368 2169 πόλιτ

141 2199 251 2270 αὐτοῖς
272 2201 472 2279 προεέταξεν,
501 2202 582 2269 ἀλλὰ
604 2195 775 2281 προθύμως
797 2205 1025 2284 λειτουργοῦτις
1053 2201 1190 2278 duobus,
1214 2219 1289 2283 quos
1312 2219 1367 2283 po·

141 2304 258 2370 sereno
280 2302 391 2382 attuli,
421 2304 497 2374 IooIs
526 2304 740 2373 trieruohiem
765 2304 890 2373 vocibus
912 2308 1114 2383 λειτουργιῶν
1136 2321 1171 2373 eo
1193 2308 1367 2385 λελειτουρ-

141 2406 250 2483 γηιιόιι
278 2407 431 2478 contineri
451 2425 489 2472 ex
510 2407 658 2474 orationis
684 2406 796 2490 prioris
818 2406 868 2490 ὅθ.
892 2405 949 2485 23,
972 2405 1117 2485 48-50,
1140 2408 1198 2485 56,
1222 2408 1262 2473 78
1286 2411 1369 2475 etex

139 2506 322 2592 posterioris
336 2508 364 2594 5.
377 2509 417 2574 21
436 2510 650 2590 oonsequitur3
666 2511 762 2578 etism
777 2508 907 2592 roupi.
923 2508 968 2590 11,
984 2509 1051 2583 es:
1070 2507 1126 2574 ιαλ
1142 2509 1170 2574 δ’
1185 2509 1368 2589 εἰτφοροιί

139 2677 266 2743 tributis,
293 2693 361 2748 quae
384 2679 441 2747 ipse
465 2679 530 2747 togu
553 2678 627 2740 virili
644 2677 740 2733 indutu
756 2678 918 2748 pensitabat.
945 2677 1063 2745 Accedit,
1091 2677 1160 2746 quod
1177 2677 1367 2733 Demosthenes

138 2781 217 2818 suurn
240 2765 325 2835 ipsine
343 2765 371 2818 in
389 2779 444 2819 rem
466 2763 602 2834 publieem
626 2764 746 2820 studium
769 2767 905 2820 eonferens
930 2781 991 2819 oum
1008 2763 1109 2819 Midiae
1126 2762 1296 2834 neglegentia
1314 2764 1365 2820 tri·

139 2850 215 2904 bntie
238 2867 285 2905 eno
308 2851 415 2905 nonius
432 2865 449 2905 e
465 2851 601 2908 tutoribus
624 2852 706 2908 foetis
723 2851 835 2908 miuime
852 2852 894 2907 nti
911 2851 1002 2921 potuIt
1019 2851 1096 2920 qnasi
1114 2853 1286 2920 argumento,
1315 2865 1367 2920 quo

140 2938 272 2992 oratorem
295 2937 419 2994 omnibus
442 2936 521 2996 rebus
544 2937 643 2997 honum
660 2937 797 3008 pnbuonm
815 2939 946 3000 tuteferre
968 2940 1165 3003 ostenderetur,
1192 2937 1290 3006 quippe
1308 2952 1367 2991 oum

141 3023 242 3081 Midiae
263 3023 367 3083 tributo
389 3023 438 3078 illo
460 3040 513 3081 nou
531 3024 732 3090 Demosthenis,
759 3023 804 3080 sed
822 3026 945 3078 tutorum
968 3025 1053 3078 studii
1076 3024 1160 3078 inisse
1177 3023 1368 3078 documentum

144 3109 297 3176 respondere
314 3109 415 3166 liceret.
434 3109 557 3169 Ceterum
575 3110 631 3178 Ipse
648 3108 801 3175 eoholiustu,
819 3109 940 3176 quemvis
952 3108 980 3163 id
991 3108 1132 3178 praecipue
1148 3107 1191 3160 hie
1205 3106 1290 3161 verbis
1309 3121 1368 3161 oru-

145 3195 233 3248 torem
249 3193 339 3263 egisse,
358 3198 390 3249 ut
402 3197 592 3266 perstrIngeret
610 3197 719 3260 tutores,
737 3209 783 3263 per
795 3210 909 3248 errorem
927 3194 1067 3258 iudicaret,
1084 3196 1155 3248 reete
1172 3195 1262 3246 temen
1281 3193 1369 3247 loonm

144 3279 179 3334 nd
206 3280 274 3335 illud
299 3285 404 3352 tempus
431 3285 549 3352 speotnre
575 3280 729 3347 oontendIt,
756 3295 815 3334 eum
833 3279 1024 3334 Demosthenes
1050 3280 1080 3334 iu
1103 3278 1201 3334 oIvinm
1228 3294 1367 3333 nnmerum

140 3368 195 3421 iem
213 3367 365 3438 adseriptns
383 3370 453 3423 erret
471 3369 560 3438 [ordre
578 3368 634 3436 γὰρ
651 3368 815 3436 ἐπιτρόπων
832 3368 992 3433 λεγόντων,
1019 3369 1065 3422 ὅτι
1083 3365 1122 3422 etc
1139 3367 1194 3432 την
1212 3365 1368 3436 τυμμορίαν

140 3455 306 3522 λῑαναλωθη
325 3455 363 3508 τὰ
379 3454 512 3523 χρήματα
533 3455 780 3522 λειτουργούντων
804 3455 888 3520 ἡμων
912 3454 983 3522 ὑπὲρ
1005 3457 1059 3520 τῆτ
1077 3456 1126 3519 τῆς
1144 3451 1248 3514 οἰκίαι,
1273 3453 1369 3519 Δημο-

138 3541 242 3607 ιθένητ
260 3541 356 3610 φηςιν,
374 3543 434 3604 ὅτι,
450 3542 511 3596 ὅτε
528 3540 776 3608 ἀπεττερήθην
794 3544 865 3594 τῶν
883 3541 1084 3608 χρημάτων,
1107 3539 1191 3594 τότε
1210 3538 1368 3606 ἠρξάμην

138 3631 396 3694 λειτουργεῖνν.
414 3655 448 3666 -
466 3627 676 3694 Argumentum,
700 3625 770 3694 qnod
788 3624 938 3688 Boeokhins
956 3624 973 3678 l.
993 3640 1015 3681 e.
1034 3625 1150 3695 protulit
1167 3624 1270 3678 diesne:
1302 3625 1369 3680 „Der

137 3713 226 3767 Neme
248 3712 404 3767 beneiehnet
427 3711 502 3765 einen
521 3711 619 3766 Dienst
640 3711 685 3765 dtr
706 3711 753 3764 des
770 3711 891 3778 gemeine
910 3709 1004 3764 Wesen
1021 3741 1057 3752 —
1074 3710 1140 3765 euoh
1158 3712 1235 3767 einen
1253 3710 1368 3777 eolehen‚

138 3797 256 3852 welches
274 3797 322 3851 der
339 3797 496 3866 gednngene
514 3795 576 3849 oder
594 3796 652 3849 deno
666 3796 760 3849 Stante
778 3795 869 3864 eigene
888 3793 985 3850 Diener
998 3825 1031 3834 -
1043 3796 1146 3850 leistet:
1166 3813 1268 3851 uorsus
1286 3795 1368 3849 ellein

138 3883 224 3938 sehon
247 3882 419 3952 geseirlossen
442 3882 545 3936 werden
569 3883 655 3946 tenu,
681 3880 743 3935 dese
760 3897 792 3934 uu
809 3881 860 3935 deu
878 3881 1035 3951 Litnrgieen
1058 3897 1111 3936 nur
1128 3881 1303 3937 unmiIteloer
1321 3897 1368 3950 ge-

138 3970 245 4024 leietete
263 3969 376 4024 Dienste
393 3968 515 4038 gehenon,
533 3969 583 4022 wie
601 3967 737 4038 Choregie,
755 3967 921 4024 Triererobie
937 3985 964 4022 u.
982 3968 1047 4038 ng,
1064 3968 1142 4024 nieht
1159 3968 1223 4024 uber
1240 3967 1284 4022 die
1301 3966 1367 4022 Ver·

137 4057 357 4126 mogenseeuer«,
385 4053 564 4114 ornIttendum
581 4051 706 4125 ιιλιίλιοι,
733 4068 794 4109 oum
810 4053 858 4118 iis,
877 4052 925 4122 qui
942 4052 1119 4118 dissentiunt,
1137 4067 1233 4108 munus
1250 4067 1363 4124 quoqne,

139 4140 211 4212 qnod
233 4143 426 4210 προειεφοράν
444 4138 632 4204 nominabunt,
658 4155 675 4192 e
691 4138 812 4207 liturgiis
831 4138 1031 4194 disoernendum
1049 4154 1106 4192 esse
1124 4137 1214 4192 eodem
1232 4137 1289 4192 iure
1306 4153 1367 4192 oon-

138 4226 249 4282 tendere
270 4227 384 4295 possint
415 4226 443 4280 Si
466 4226 526 4294 quis
550 4240 611 4286 vero
633 4224 757 4280 etormet
779 4226 840 4278 tum
863 4224 983 4290 demum,
1009 4239 1069 4281 ourn
1091 4223 1227 4278 tributum
1244 4223 1274 4276 iu
1291 4225 1368 4277 unte·

137 4327 243 4371 sessum
261 4311 356 4372 ᾶιιννιιι
367 4311 397 4366 iu
411 4310 583 4380 liturgiarum
600 4325 710 4372 numero
728 4309 845 4379 positum
863 4310 909 4376 eit,
926 4311 998 4374 eoois
1010 4311 1066 4366 vim
1083 4325 1140 4364 esee
1157 4308 1311 4372 dilateturu,
1326 4308 1369 4370 illi

138 4397 242 4454 obieere
259 4397 372 4466 possint,
390 4396 512 4465 antiquie
523 4397 578 4458 inm
589 4395 754 4466 temporibus
770 4394 839 4458 hene
854 4396 992 4453 notionem
1004 4394 1131 4452 venabulo
1144 4393 1292 4453 subieotuur
1304 4410 1368 4458 osse.

245 4485 267 4552 ¹)
285 4481 328 4546 Gi.
346 4497 414 4551 queo
431 4480 501 4540 intre
518 4480 551 4537 de
567 4481 639 4540 vocis
656 4481 756 4542 τέλους
774 4481 883 4539 notione
900 4481 1083 4544 treoteuIrnue.
