3194 5060
714 203 947 268 -130-

221 391 395 471 studemus,
430 410 505 456 uum
533 391 571 456 ad
595 390 732 473 portoria
758 391 854 458 etiam
879 390 1009 458 Athenis
1037 391 1222 474 pertinuerit
1249 390 1446 464 immunitas,

223 495 485 563 demonstratione
511 497 636 560 utamur
658 494 768 560 eodem
790 513 823 558 se
845 493 1039 574 revolvente,
1069 493 1151 578 quod
1173 495 1206 560 in
1228 493 1393 565 Benseleri
1411 511 1448 561 ac

221 598 452 686 Wcstermanni
488 596 776 664 ratiocinationibus
807 598 1091 680 reprehendendum
1120 617 1187 664 esse
1219 600 1284 664 iam
1317 593 1447 662 conabor

221 704 393 768 ostendere.

323 803 465 888 Primum
487 805 619 886 uterquc
639 819 699 867 non
714 801 811 867 fuisse
827 805 910 885 apud
924 803 1132 870 Athenienses
1153 801 1284 887 portorii
1298 801 1448 868 aliorum·

221 927 278 992 quc
308 906 434 972 huiusce
464 907 583 992 generis
606 905 804 990 vectigalium
835 906 1070 974 immunitatem
1103 923 1138 972 eo
1161 905 1352 989 comprobari
1382 903 1448 986 opi·

221 1013 329 1094 natur,
364 1008 445 1092 quod
474 1007 712 1086 Demosthenes,
747 1026 819 1073 cum
845 1011 883 1075 de
910 1009 1058 1091 praemiis
1087 1010 1210 1076 locutus
1239 1009 1281 1074 sit
1302 1005 1447 1081 herconi,

220 1114 352 1201 Bospori
373 1112 449 1195 regi,
472 1111 610 1190 tributis,
648 1127 708 1176 non
738 1109 929 1176 mentionem
950 1110 1060 1180 fecerit
1089 1113 1164 1178 talis
1186 1109 1352 1202 privilegii.
1390 1107 1450 1174 Sed

221 1235 320 1304 ppque
341 1215 400 1281 hoc
422 1213 581 1280 silentium
603 1231 701 1296 neque
731 1215 798 1296 ipsa
819 1214 914 1280 verba
939 1214 978 1303 [p.
1000 1215 1053 1300 40]
1082 1218 1151 1281 „vui
1173 1217 1234 1296 μὴν
1266 1213 1336 1280 οὐδ’
1359 1213 1449 1280 ὅπως

221 1325 280 1408 οὐκ
302 1318 465 1384 ἀντιδῶεει
485 1323 531 1400 τῷ
546 1317 688 1384 Λεύκωνί
709 1338 770 1394 suc,
804 1318 861 1384 ἐὰν
880 1319 1044 1398 βούληται,
1078 1319 1213 1398 δύναμαι
1235 1317 1449 1396 τκαποιίμενοι

221 1422 333 1502 εὑρεῖν.
365 1421 508 1500 χρήματα
534 1421 591 1499 μὲν
618 1421 679 1500 γάρ
709 1422 790 1486 ἐιτιν
818 1419 867 1486 ἀεὶ
896 1419 970 1499 παρ’
998 1422 1069 1500 ὑμίν
1098 1420 1208 1496 αὐτοῦ,
1230 1420 1309 1486 κατὰ
1333 1421 1369 1486 δὲ
1391 1419 1450 1484 τὸν

222 1525 324 1606 νόμον
346 1527 471 1600 τοῦτον,
505 1522 562 1588 ἐάν
584 1543 629 1588 τι(
651 1524 700 1588 ἐπ’
724 1524 805 1589 αὐτὰ
829 1523 921 1608 ἔλθῃ,
953 1526 972 1603 ἢ
997 1525 1174 1604 ετερήεεται
1195 1523 1319 1588 τούτων
1347 1524 1449 1601 ἢλει-

221 1611 366 1706 τοοργεῐν
393 1625 674 1704 ἀναγκαιθήιεταιν
711 1625 891 1696 testimonio
927 1627 1015 1704 sunt,
1050 1643 1109 1708 quo
1142 1644 1253 1691 verum
1285 1627 1449 1706 ratumque

222 1749 288 1818 csse
310 1728 389 1794 illud
412 1729 562 1794 iudicium
585 1728 777 1812 ostendatur,
807 1729 920 1814 quippe
941 1747 1013 1794 cum
1033 1727 1172 1812 Leptinis
1192 1727 1383 1812 rogationem
1410 1726 1450 1792 ad

223 1831 368 1922 liturgias
397 1849 475 1898 unas
505 1833 642 1913 spectare
665 1831 897 1914 cognoverimus
927 1831 1032 1914 itaque
1055 1850 1093 1896 ea
1113 1834 1239 1898 tantum
1260 1848 1279 1894 a
1300 1828 1450 1912 scriptore

222 1937 471 2012 commemorari,
506 1952 584 2016 quae
621 1934 753 2017 quodam
786 1933 875 1998 modo
903 1953 974 1999 curn
1001 1933 1050 1999 his
1078 1933 1258 2001 muneribus
1286 1933 1450 1998 coniuncta

222 2045 319 2118 erant,
342 2057 403 2112 non
426 2038 542 2104 mirum
564 2037 699 2102 accidere
720 2036 826 2118 possit.

322 2143 481 2224 iidemque
495 2140 556 2204 viri
571 2139 652 2206 docti
666 2142 807 2222 peccant,
832 2157 905 2204 cum
925 2157 1014 2206 suam
1030 2139 1169 2222 ipsorum
1184 2141 1358 2222 opinionem
1375 2157 1450 2205 con-

221 2244 342 2310 firmari
369 2244 482 2325 putant
503 2242 532 2324 ᾗ.
555 2243 613 2322 25,
646 2261 707 2324 que
734 2246 837 2308 orator
865 2244 1026 2326 pecunias,
1063 2261 1194 2326 querum
1216 2242 1450 2316 immunitatem,

222 2347 370 2429 Leptines
398 2346 467 2410 tolli
497 2345 590 2424 volit,
622 2345 751 2412 minime
774 2347 805 2410 in
827 2346 982 2418 cerarium
1009 2346 1140 2412 conferri
1162 2365 1260 2430 neque
1282 2346 1450 2428 quicquam

224 2450 470 2516 emolumentum
498 2447 544 2514 rei
567 2448 711 2532 publicae
732 2467 798 2514 esse
820 2452 1018 2527 eventurum,
1050 2450 1076 2514 si
1098 2449 1240 2533 Leptinis
1264 2450 1313 2516 lex
1335 2449 1450 2532 populo

220 2553 386 2634 placuerit,
415 2553 506 2618 claris
521 2551 625 2618 verbis
641 2553 734 2620 dicat.
757 2551 838 2633 Quid
853 2553 935 2618 enim
952 2555 1072 2619 adrem
1087 2553 1149 2618 fuit
1163 2591 1205 2602 -
1219 2553 1248 2618 si
1263 2553 1450 2632 consideres

226 2673 303 2738 quae
326 2654 363 2718 dc
379 2655 521 2737 Leptinis
545 2655 671 2722 consilio
695 2657 825 2722 disserui
851 2694 886 2703 —
912 2656 1007 2724 etiem
1030 2658 1159 2741 portorii
1181 2658 1239 2722 hoo
1261 2657 1327 2722 loco
1351 2655 1450 2721 ratio·

221 2776 293 2844 uem
315 2757 450 2824 habere?

321 2859 429 2943 Neque
458 2862 558 2944 magis
586 2863 716 2928 tertium
745 2863 953 2946 ultimumque
983 2865 1202 2947 argumentum
1232 2864 1333 2938 valet,
1367 2863 1451 2946 quod

219 2963 353 3050 petitum
382 2971 429 3028 cst
452 2981 468 3028 e
490 2963 520 3047 g.
544 2963 620 3029 129:
654 2965 758 3044 ἡδέωτ
780 2966 809 3030 δ’
832 2966 872 3032 ἂν
894 2966 987 3043 ἔγωγ’
1011 2967 1139 3046 ἐροίμην
1161 2967 1330 3046 Λεπτίνην·
1363 2966 1453 3034 τίνοι

220 3067 327 3134 αὐτοῖς
361 3068 417 3146 τὴν
449 3068 591 3134 ἀτέλειαν
613 3070 632 3147 ἢ
657 3069 692 3132 τὺ
721 3073 778 3134 νῦν
808 3069 1004 3136 καταλείπειν
1034 3070 1141 3149 φήιειτ
1162 3071 1182 3148 ἢ
1207 3070 1345 3137 ἐκείνου(
1374 3069 1451 3136 τότε

220 3175 347 3245 δοῦναι,
384 3172 440 3234 τάε
472 3172 668 3250 λειτουργία(
700 3170 779 3236 ὅταν
813 3170 893 3237 εἶναι
925 3176 989 3254 φῇ(
1022 3172 1133 3255 λερῶν;
1170 3176 1246 3238 τῶν
1280 3175 1348 3251 μὲν
1375 3173 1451 3252 γὰρ

221 3272 277 3339 εἰ(
310 3274 380 3338 τὸν
411 3273 585 3352 πόλεμον
619 3277 751 3338 πατῶν
785 3273 983 3353 εἰιφορῶν
1015 3275 1077 3340 καὶ
1111 3279 1377 3356 τριηραρχιῶν
1406 3276 1451 3340 ἐκ

220 3379 295 3439 τῶν
318 3379 494 3440 παλαιῶν
522 3376 654 3456 νόμων
684 3376 754 3442 οὐκ
775 3375 871 3440 eicio
894 3375 1060 3452 ἀτελεῑε,
1086 3381 1153 3442 τῶν
1174 3380 1211 3443 δὲ
1233 3381 1448 3457 λειτουργιῶν,

221 3474 308 3554 εἴπερ
332 3477 406 3541 εἰιὶν
426 3477 536 3556 ἱερῶν,
566 3476 636 3542 οὐδ’
658 3476 792 3556 ἔχοαειν.
822 3477 902 3542 ἀλλὰ
924 3481 985 3558 μὴν
1005 3481 1177 3560 γέγραπταί
1199 3479 1228 3558 γ’
1251 3479 1370 3546 ἀτελεῖ(
1392 3479 1449 3545 αὐ-

224 3578 299 3642 τοὺε
322 3576 408 3644 εἶναι.
440 3580 542 3663 πίνοις
563 3581 583 3658 ἢ
607 3583 665 3644 τοῦ
688 3582 863 3664 ρετοικίον;
886 3585 981 3646 τοῦτο
1004 3583 1064 3662 γὰρ
1088 3585 1209 3661 λοιπόν,
1232 3584 1270 3648 de
1293 3601 1354 3665 qua
1376 3601 1449 3646 scu-

223 3679 593 3748 tentiaWestermanuus
617 3681 693 3746 haec
716 3683 809 3748 verba
831 3681 919 3747 fecit:
946 3684 1050 3748 eZvvar
1072 3685 1115 3750 ist
1137 3687 1202 3752 dies
1226 3682 1304 3772 [scil.
1320 3689 1449 3767 portorii

221 3783 456 3849 immunitatem
493 3784 576 3866 apud
605 3783 813 3850 Athenienses
846 3783 951 3873 fuisse]
985 3804 1046 3874 von
1079 3787 1202 3872 cinigcn
1232 3786 1450 3861 Alterthums-

219 3886 377 3953 forschern
400 3905 641 3972 augcuommen,
666 3887 716 3952 fuir
728 3887 833 3954 Athen
848 3889 921 3954 aher
937 3892 994 3956 mit
1009 3889 1109 3956 Recht
1124 3908 1184 3956 von
1199 3890 1349 3957 Bcnseler
1363 3890 1446 3959 niul.

222 3988 289 4055 S.6
312 3991 345 4054 in
360 3991 483 4056 Abrede
506 3989 637 4073 gestellt
659 3990 782 4056 worden
803 3993 862 4059 mit
880 3991 1061 4078 Beaiehung
1082 4031 1125 4041 —
1147 3992 1201 4060 auf
1221 3993 1270 4059 die
1284 4030 1328 4042 -
1342 3994 1448 4078 Argu,-

219 4094 391 4158 mentution
414 4092 442 4176 p.
469 4093 529 4158 128
552 4093 595 4172 ff,
617 4093 715 4159 uach
742 4095 912 4160 volcher
935 4094 1032 4161 nach
1048 4094 1183 4178 Abnug
1205 4094 1273 4161 der
1295 4095 1449 4162 Leitur·

220 4195 308 4279 gion
336 4195 428 4261 hein
450 4193 588 4280 Objcct
612 4197 676 4262 der
697 4196 831 4263 Atelie
853 4199 969 4284 ubrig
989 4197 1118 4265 bleibt
1139 4200 1197 4265 als
1220 4201 1289 4264 das
1312 4199 1449 4265 Metui-

219 4298 325 4377 hion,
360 4299 419 4364 mit
446 4300 593 4366 welchem
622 4299 781 4366 uathrlich
810 4302 860 4367 die
882 4303 1004 4386 Birger
1026 4302 1129 4368 nichts
1152 4323 1190 4368 au
1213 4301 1291 4371 thuu
1313 4303 1447 4368 habena.

220 4401 303 4466 Nam
331 4401 460 4470 minime
487 4403 519 4468 iu
542 4403 759 4471 Demosthenis
787 4405 890 4469 animo
920 4405 1018 4471 fuisse
1058 4423 1108 4470 eas
1138 4407 1262 4472 tautum
1290 4424 1338 4471 res
1371 4423 1449 4471 enu-

221 4521 353 4581 merare,
386 4524 517 4590 quarum
549 4507 674 4573 honoris
706 4524 800 4573 causa
829 4507 1012 4574 immunitas
1034 4527 1068 4574 re
1089 4527 1162 4574 vera
1185 4509 1281 4575 alicui
1303 4507 1448 4588 dabatur,
