3232 5044
655 291 868 358 ..33-

171 489 175 504 ¹
247 480 282 547 O.
306 481 333 547 Ι.
357 476 410 542 Gr.
434 477 512 554 103,
534 495 631 559 qnam
652 479 815 548 locationis
839 481 980 547 tabulam
1002 481 1059 546 ant
1081 497 1161 545 anno
1185 479 1234 546 01.
1260 481 1332 562 114,
1356 482 1377 546 4

143 587 200 653 aut
221 584 274 650 Ol.
300 585 372 666 115,
391 583 411 646 3
433 582 550 648 factam
572 601 639 648 esse
661 583 838 650 Boeclrhius
861 585 1042 664 arbitratur,
1066 603 1112 651 rs.
1137 585 1154 648 'l
1178 603 1260 667 sqq.:

144 693 202 758 ἐὰν
226 693 262 757 δέ
285 709 329 753 τις
351 687 486 768 εἰςφορά
507 687 628 766 γίνηται
650 685 728 754 ἀπὸ
758 692 833 754 τῶν
862 690 1018 774 χωμίων
1046 692 1116 753 τοῦ
1140 690 1376 768 τιμήματος,

964 794 1039 858 τοὺς
1062 792 1201 871 δημότας
1222 792 1284 875 ε[ἰ-

145 900 369 1080 ἰίνῗάάειῗιιινάοιιία,
393 997 431 1061 de
447 1014 517 1078 qua,
540 995 742 1062 aWesohero
756 997 857 1079 primo
874 997 991 1079 (Rerue
1006 997 1137 1062 archeol.
1155 995 1238 1062 1865
1252 1016 1282 1079 p.
1299 997 1374 1082 352)

144 1103 243 1181 edita,
277 1101 377 1166 fusius
399 1100 518 1166 tractat
538 1099 753 1166 Kirchhotiius
776 1099 885 1166 Herm.
910 1099 942 1164 ΙΙ
964 1119 994 1182 p.
1018 1101 1080 1166 169
1103 1117 1233 1181 eamque
1255 1101 1375 1183 tempo-

142 1206 231 1270 ribus
264 1202 432 1281 adscribit,
469 1219 541 1267 cnm
568 1201 774 1268 Macedonum
807 1220 897 1286 reges
926 1203 1057 1290 Graecia
1085 1202 1149 1268 iam
1176 1203 1270 1286 potiti
1299 1204 1373 1282 sint,

134 1329 191 1376 xrs.
215 1307 258 1372 25
279 1326 338 1388 ειμι

1016 1411 1068 1474 ἐὰ-

244 1536 262 1578 ν
284 1515 318 1579 δέ
341 1514 414 1597 [τις]
437 1513 572 1594 slepand
593 1514 734 1590 γίγνηται
755 1515 774 1591 ἢ
800 1511 876 1580 duo
899 1534 929 1578 τι
943 1512 1004 1580 ἀπ.
1018 1566 1025 1578 .
1039 1534 1143 1593 .ςιςμα
1157 1515 1230 1593 τρό-

243 1639 293 1702 πῳ
316 1617 454 1702 ὁτῳοῦν,
477 1616 632 1696 εἰςφέμειν
654 1616 815 1694 Εὐκράτην
839 1617 1002 1681 κατὰτὸ
1025 1618 1169 1696 τίμημα
1191 1640 1244 1684 κα-

243 1719 273 1784 θ’
288 1720 369 1786 ἑπτά
391 1723 479 1799 μνᾶς.
525 1719 608 1784 Θεοί.

247 1825 332 1888 Ante
355 1821 461 1887 omnia
482 1821 515 1886 id
537 1820 630 1886 debet
653 1821 822 1902 observari,
845 1839 906 1887 non
929 1822 1027 1888 totins
1048 1824 1095 1888 rei
1118 1823 1285 1891 familiaris
1302 1844 1373 1908 pre·

140 1925 222 1991 tinm
233 1926 265 2005 ¹),
289 1926 344 1990 sed
366 1926 488 2008 partem
510 1924 635 1990 tantum
658 1924 723 1990 eins
746 1924 952 1990 Athenienses
974 1924 1126 2006 professos
1148 1943 1229 2010 esse;
1258 1928 1371 1992 Demo·

139 2029 269 2096 sthenes
297 2029 397 2106 enim,
431 2046 502 2093 cum
532 2026 693 2094 ostendere
722 2029 901 2111 minuetur,
937 2030 1068 2110 quantos
1091 2027 1218 2096 divitias
1241 2033 1370 2112 epatre

138 2133 263 2200 relictas
285 2137 406 2198 tutores
428 2131 652 2212 profudissent,
676 2151 711 2196 er
733 2150 866 2210 summa,
890 2149 968 2214 quae
991 2133 1096 2198 delata
1118 2136 1203 2215 erat,
1238 2132 1367 2198 calculis

138 2239 265 2303 demum
289 2235 451 2301 subductis
475 2236 632 2318 reputavit
647 2237 833 2302 facultatum
850 2235 1099 2320 magnitudinem
1115 2237 1221 2302 dicens
1237 2236 1371 2313 XXVII,

138 2341 175 2409 9:
202 2343 331 2420 »Δῆλον
359 2342 417 2419 μὲν
446 2339 555 2404 τοίνυν
581 2341 632 2405 καὶ
659 2341 694 2406 ἐκ
722 2341 847 2408 τούτων
875 2340 937 2406 ἐςτὶ
964 2341 1002 2406 τὸ
1029 2343 1149 2420 πλῆθος
1172 2345 1227 2420 τῆς
1250 2342 1371 2406 οὐςίας·

137 2445 364 2510 πεντεκαίδεκα
386 2443 551 2510 ταλάντων
573 2445 634 2523 γὰρ
649 2445 721 2523 τρία
742 2445 881 2510 τάλαντα
903 2444 1035 2523 τίμημαμ
1061 2463 1156 2526 eoque
1171 2445 1238 2527 ipso
1254 2444 1373 2510 indicat

136 2565 201 2612 non
232 2547 300 2612 tota
327 2546 515 2612 facultatum
544 2547 645 2631 pretia
672 2547 707 2612 in
729 2549 970 2632 magistratuum
992 2548 1109 2614 tabulis
1130 2547 1243 2629 fuisse,
1277 2547 1370 2630 atque

137 2652 219 2716 item
241 2649 428 2730 XXVIII‚4
450 2651 617 2732 Aphobum
646 2654 677 2715 et
704 2651 783 2718 alios
814 2653 947 2730 tutores,
979 2656 1131 2735 qnantum
1160 2653 1243 2716 esset
1271 2651 1391 2733 ipsius·

136 2752 375 2836 patrimonium,
398 2752 517 2818 tributo
541 2753 717 2821 adfirmavit
738 2755 845 2837 palam
866 2755 983 2835 fecisse,
1007 2756 1089 2840 qnod
1109 2775 1141 2821 so
1156 2757 1222 2820 ains
1246 2755 1370 2820 nomina

136 2857 316 2924 conlaturos
338 2855 471 2939 polliciti
495 2859 608 2935 assent,
633 2876 693 2923 non
716 2858 820 2924 delato
842 2860 908 2943 ipso
929 2863 976 2926 rei
998 2858 1163 2927 familiaris
1188 2860 1300 2940 pretio.

239 2958 359 3040 Quibus
371 2961 571 3026 consideratis
579 2979 634 3043 per
642 2979 779 3027 errorem
790 2961 912 3046 lapsum
923 2981 988 3028 esse
996 2963 1129 3030 Bakium
1134 2962 1166 3042 ¹),
1179 2979 1251 3026 cnm
1262 2960 1371 3026 eristi·

138 3062 239 3127 mavit
253 3065 367 3143 ripaue
381 3081 448 3128 rem
463 3063 651 3128 familiarem
667 3064 766 3147 accipi
781 3064 901 3146 debere,
918 3065 1086 3143 evincitur;
1106 3063 1272 3147 quominus
1288 3065 1371 3128 enim

140 3164 234 3228 verba
251 3166 489 3248 inscriptionum
503 3166 631 3232 illarum
646 3168 723 3232 locis
739 3167 805 3235 ἀπὸ
826 3174 884 3235 τοῦ
906 3170 1084 3248 τιμήματος,
1108 3169 1188 3234 κατὰ
1202 3168 1241 3232 τὸ
1256 3168 1371 3247 τίμημα

138 3283 201 3332 non
229 3270 405 3351 angustiore
434 3269 558 3335 notione
587 3270 689 3352 posita
717 3289 783 3336 esse
813 3275 906 3354 atquc
928 3270 1114 3337 vocabulum
1137 3271 1307 3350 τιμήματος
1329 3271 1370 3336 ad

136 3371 222 3436 totas
244 3369 408 3439 facultates
437 3374 592 3456 pertinere
615 3374 789 3458 opinemur,
821 3374 866 3440 rei
889 3375 987 3456 ipsius
1010 3377 1124 3440 natura
1145 3373 1370 3457 impedimento

136 3477 199 3552 est;
233 3477 287 3540 sed
316 3479 438 3559 partem
466 3477 556 3542 illam
584 3480 630 3544 rei
658 3477 838 3558 familiaris,
873 3498 966 3563 quarn
997 3480 1125 3564 quisque
1155 3477 1369 3562 profitebatur,

134 3579 251 3658 τίμημα
266 3579 471 3648 Athenienses
494 3581 671 3647 nominasse
693 3601 730 3647 er
746 3583 848 3649 verbis
871 3585 908 3648 fic
931 3585 1138 3666 conspicuum,
1163 3601 1240 3665 quae
1256 3581 1370 3646 Demo·

133 3680 262 3746 sthenes
284 3682 418 3761 XXVII,
441 3684 461 3748 9
495 3683 585 3751 facit:
620 3686 843 3752 πεντεκαίδεκα
875 3688 1041 3753 ταλάντων
1063 3723 1106 3735 -
1127 3688 1200 3767 τρία
1232 3685 1371 3751 τάλαντα

133 3785 260 3865 τίμημα,
276 3803 354 3868 quae
369 3786 557 3868 simpliciter
567 3790 825 3872 interpretamur:
845 3790 1040 3871 „quindecim
1055 3791 1244 3856 talentorum
1260 3803 1369 3853 census

132 3890 208 3952 sunt
231 3887 293 3953 tria
315 3889 468 3966 talentac,
491 3891 510 3955 i.
534 3910 560 3956 e.
585 3891 611 3956 si
634 3891 685 3956 cui
707 3892 884 3974 quindecim
907 3894 1028 3958 talenta
1049 3897 1152 3971 erant,
1179 3894 1241 3957 tria
1262 3889 1371 3956 debuit

132 3988 284 4074 profiteri,
307 3991 426 4057 Bakius
448 4011 519 4058 vero
542 3995 631 4076 quasi
653 3994 755 4061 invita
777 4013 814 4060 ac
832 3997 1008 4062 recusantia
1030 3995 1196 4062 violentius
1220 3993 1369 4076 explicat:

136 4095 219 4158 atria
241 4095 363 4174 talenta
385 4131 426 4142 -
449 4096 596 4176 indicare,
620 4097 824 4164 manifestum
846 4100 976 4165 reddere
999 4100 1114 4179 τίμημα
1138 4095 1170 4184 [i.
1196 4117 1223 4162 e.
1248 4117 1284 4162 ox
1301 4097 1368 4162 eius

134 4195 261 4280 quidem
288 4197 401 4265 iudicio
428 4198 578 4288 pretinm]
602 4201 781 4286 quindecim
804 4200 1057 4281 rueretrueret.
1103 4198 1250 4278 Accedit,
1287 4198 1369 4282 quod

240 4439 262 4505 ¹)
280 4438 299 4492 1.
318 4455 339 4494 c.
358 4457 384 4510 p.
403 4439 548 4497 rso-143.

240 4526 260 4591 ²)
279 4524 382 4594 1.ο.μ.
402 4525 461 4584 145.

187 4628 325 4672 'l'hnmsan
353 4629 385 4673 De
398 4631 440 4673 cir.
455 4629 533 4675 Athon.
548 4633 673 4674 rumoribus
687 4633 728 4675 eto.
