3232 5044
781 217 987 285 „30-

1140 351 1143 374 .

271 409 375 506 tarum
398 405 585 470 drachmum
608 405 725 470 effectis
748 407 872 488 praeter
888 424 953 470 rem
968 405 1191 488 implicavisset
1213 408 1497 488 computationem?

272 509 411 591 Denique
440 525 530 574 nemo
558 513 641 573 certe
663 507 856 583 invenietur,
886 508 939 590 qui
961 510 1100 586 summis,
1123 527 1198 590 quas
1221 509 1333 576 Pollux
1354 510 1495 585 tradidit,

273 610 424 676 maximas
446 610 591 692 pecunias
614 610 785 696 significari
807 611 977 688 adseveret,
1000 629 1086 692 quas,
1110 612 1136 674 si
1152 630 1201 676 res
1223 612 1388 696 coegerint,
1411 613 1495 677 ciues

273 714 388 794 singuli
411 713 543 795 pendere
566 712 745 794 debuerint3
770 732 841 778 cum
864 713 948 778 enim
970 713 1042 777 inde
1065 732 1084 778 a
1106 713 1276 780 Nausiuico
1299 715 1445 778 archonte
1462 714 1494 778 in

271 817 373 900 prima
396 816 493 881 classe
516 818 658 898 quintam
681 817 808 881 tantum
833 815 879 880 rei
901 815 1065 881 familiaris
1081 818 1201 898 partem
1217 834 1287 880 mox
1303 819 1496 882 demonstra-

270 921 334 986 turi
349 920 446 984 simus
461 921 651 985 destinatam
668 937 744 996 esse,
769 921 849 984 uude
864 918 1020 984 tributum
1036 918 1224 996 efficeretur,
1241 923 1272 982 et
1287 919 1495 984 Athenienses

272 1023 366 1088 etiam
388 1021 606 1088 Demosthenis
629 1023 732 1087 aetate
753 1040 843 1104 aegre
865 1022 1011 1099 tulerint,
1041 1023 1069 1086 si
1092 1023 1274 1088 duodecima
1297 1023 1388 1088 huius
1411 1040 1496 1086 sum·

272 1145 341 1193 mae
363 1144 434 1208 pars
458 1129 567 1190 exacta
588 1125 632 1190 sit
645 1126 685 1206 ¹),
715 1144 733 1189 a
756 1143 828 1191 vero
851 1125 942 1205 plane
966 1123 1113 1189 abhorret
1135 1109 1495 1206 antecedenti'tempore

270 1228 433 1296 duodecies
456 1229 590 1307 tantum,
614 1245 707 1310 quam
731 1227 883 1308 quantum
907 1245 941 1292 ex
956 1227 1039 1310 agris
1054 1227 1184 1310 redibat,
1208 1228 1381 1292 maximum
1397 1226 1493 1292 fuisse

269 1332 436 1408 tributum,
458 1333 539 1412 quod
562 1330 681 1395 civibus
705 1330 822 1412 primae
846 1329 952 1394 classis
975 1330 1122 1414 imperari
1145 1332 1280 1410 potuerit
1301 1333 1326 1412 ).

374 1433 457 1513 Quae
480 1433 685 1500 difficultates
710 1435 841 1498 cunetas
864 1437 1059 1512 evanescent,
1084 1436 1110 1498 si
1126 1434 1273 1500 Bocchhii
1295 1436 1419 1500 secutus
1435 1435 1495 1499 eris

271 1537 469 1614 sententiam,
493 1535 546 1617 qui
568 1534 732 1613 tributum,
756 1535 869 1616 quode
886 1533 1005 1600 Solonis
1021 1537 1089 1618 lege
1104 1536 1326 1617 imperabatur,
1350 1537 1390 1602 ad
1405 1555 1498 1618 prae-

270 1640 390 1704 diorum
402 1657 512 1704 census
523 1642 680 1721 spectasse
693 1642 724 1701 et
736 1637 905 1718 fructuum,
918 1655 994 1721 quos
1006 1639 1129 1720 praedIa
1140 1640 1320 1718 reddebant,
1336 1639 1497 1724 legislato-

271 1763 335 1809 rem
347 1742 499 1808 rationem
512 1740 654 1808 habuisse
666 1743 697 1806 in
709 1741 891 1822 reputandis
903 1743 1004 1806 solum
1016 1760 1159 1826 agrorum
1172 1743 1280 1826 pretiis
1292 1742 1452 1808 statuebat
1459 1739 1498 1826 ³).

372 1847 408 1910 In
432 1863 491 1928 quo
516 1863 609 1908 consu
631 1845 772 1926 quamuis
795 1863 855 1908 non
877 1849 982 1928 aperte
1004 1845 1183 1910 rettulerint
1206 1846 1387 1929 scriptores,
1421 1845 1496 1926 quid

269 1951 332 2014 iam
346 1947 631 2014 anteNausinioum
642 1947 823 2011 archontem
834 1950 991 2012 mutatum
1005 1952 1095 2024 esset,
1108 1949 1214 2013 tamen
1227 1967 1298 2014 oum
1306 1944 1491 2028 Boeckhio⁴)

272 2053 364 2134 atque
388 2047 635 2134 Schoenranno⁵)
665 2050 868 2114 statuendum
894 2055 969 2132 puto
994 2087 1033 2096 —
1064 2049 1124 2114 etsi
1152 2051 1278 2118 nomina
1300 2053 1497 2134 singularum

374 2293 395 2357 ¹)
414 2290 488 2343 Dem.
507 2287 580 2352 XIV,
597 2287 630 2342 27
650 2289 693 2355 (of.
713 2303 739 2356 p.
758 2287 800 2350 36,
818 2286 854 2340 44
870 2289 929 2355 sep).

376 2375 396 2440 ²)
415 2374 540 2429 Ceterum
562 2373 633 2428 nihil
655 2373 760 2428 forced
778 2389 834 2426 rem
852 2372 1055 2440 disceptandam
1072 2374 1176 2438 valent,
1201 2389 1268 2442 quae
1286 2377 1387 2428 veteres
1405 2390 1495 2443 grem·

270 2459 361 2514 matioi
374 2458 500 2524 tradunt,
518 2451 862 2528 velutPhot.110,lsqq.:
882 2459 989 2512 ‘tunde‘
1008 2460 1106 2514 Σόλων
1124 2462 1192 2513 τοὺ(
1211 2461 1317 2525 νόμους
1335 2460 1497 2528 Ἀθηναίοις

270 2547 384 2614 γράψαι
403 2544 442 2600 εἰ(
459 2546 546 2600 πέντε
564 2545 631 2611 τέλη
651 2546 685 2598 τὸ
703 2549 761 2598 πᾶν
779 2547 886 2610 πλῆθος
905 2545 1001 2599 αὐτῶν
1021 2545 1129 2600 διέταξε
1153 2547 1209 2598 καί
1234 2551 1304 2600 τῶν
1329 2547 1498 2602 κατὰτὰ(

271 2630 392 2685 otetur
421 2631 646 2696 elucubrare,
677 2629 790 2697 scriptor
819 2629 895 2683 lexic.
924 2627 1030 2697 Seguer.
1058 2629 1179 2695 (Bethor.
1207 2631 1345 2699 Anecdot.)
1369 2631 1428 2698 267,
1448 2633 1495 2686 13:

270 2717 364 2770 Ἱππὰ(
381 2717 465 2782 γένος
482 2717 645 2783 Ἀθήνηειν,
669 2715 695 2769 ol
714 2720 864 2770 ποιοῦντες
881 2717 1024 2783 sproxton
1045 2717 1146 2784 μέτρα,
1174 2716 1201 2768 οἳ
1217 2716 1283 2770 ἀνὰ
1301 2719 1410 2782 λόγον
1435 2721 1496 2784 τῆ(

271 2801 392 2856 obtin(
410 2803 486 2868 εἶχον
505 2802 538 2854 τὸ
557 2801 645 2856 τέλος.

376 2888 395 2956 ³)
414 2887 469 2941 Hoc
487 2887 656 2942 obiciendum
673 2891 714 2941 est
732 2887 813 2940 etiam
831 2887 926 2952 verbis,
945 2903 1012 2956 quae
1030 2887 1181 2940 Rodbertus
1200 2887 1304 2953 (Jahrb.
1322 2889 1343 2942 f.
1357 2877 1498 2942 National·

271 2975 410 3028 dhonomie
428 2992 454 3027 u.
473 2973 602 3027 Stetistik
623 2972 686 3026 VIII
705 2989 730 3042 p.
749 2974 801 3028 453
819 2990 844 3026 n.
864 2973 909 3039 75)
936 2973 1014 3027 fecit:
1042 2971 1118 3026 „wie
1145 2972 1217 3027 dicae
1244 2973 1311 3040 (soil.
1340 2973 1383 3026 die
1410 2974 1498 3027 solon.

271 3059 491 3129 Volkstheilung)
503 3059 571 3112 nach
590 3059 650 3112 dem
668 3059 906 3117 muthmasslichen
919 3057 1034 3128 Ertrage
1052 3057 1107 3112 und
1125 3059 1202 3113 nicht
1219 3059 1288 3113 nach
1306 3059 1365 3113 dem
1378 3057 1498 3126 Capital-

271 3148 352 3198 werte
377 3144 422 3199 der
440 3143 627 3198 Grundstl‘rclre
651 3144 823 3213 abgemessen
841 3159 895 3199 war
922 3143 977 3197 und
995 3141 1052 3197 also
1071 3141 1113 3198 die
1131 3145 1199 3198 nach
1217 3144 1303 3198 dieser
1320 3143 1500 3213 Eintheilung

271 3232 444 3300 autgelegten
467 3231 566 3284 Lastcn
584 3229 802 3300 Ertragssteuern
826 3245 926 3284 urrerems
951 3233 999 3284 eto.
1030 3231 1211 3299 Argumenta,
1237 3246 1306 3299 quae
1323 3229 1421 3284 Telfius
1439 3229 1457 3284 1.
1476 3247 1499 3284 c.

271 3332 296 3384 p.
309 3316 360 3371 533
377 3317 410 3370 ad
429 3315 620 3385 explodendum
637 3316 763 3372 Bosolhii
781 3316 911 3370 iudicium
928 3313 1052 3384 protulit,
1071 3331 1138 3370 vana
1155 3331 1211 3368 esse
1229 3331 1259 3370 ac
1271 3315 1372 3380 futilia,
1389 3316 1499 3370 uberius

272 3401 447 3456 demonstrari
474 3400 568 3456 debere
593 3417 645 3454 non
668 3401 797 3465 arbitron
824 3401 942 3470 neglexit
969 3401 1054 3464 enim,
1080 3399 1253 3469 ubicumque,
1281 3416 1332 3470 quo
1357 3402 1441 3456 maior
1458 3418 1500 3455 res

271 3487 416 3544 tamillaris
438 3490 520 3551 esset,
547 3503 577 3540 eo
595 3487 679 3541 maior
702 3486 839 3556 gradatim
861 3487 942 3540 huius
960 3502 1021 3554 pars
1040 3486 1069 3539 dn
1088 3487 1219 3540 aerarium
1236 3487 1425 3550 conferretur‚·
1441 3487 1500 3541 fieri

271 3590 323 3628 uon
341 3589 425 3642 posse,
443 3574 516 3642 quin,
535 3573 557 3626 si
576 3573 681 3627 tributa
698 3573 813 3627 duorum
831 3573 971 3626 hominum
989 3587 1170 3641 componeres,
1188 3588 1301 3642 quorum
1319 3573 1398 3626 alteri
1416 3573 1500 3626 maxi·

271 3677 331 3715 mus
349 3659 460 3714 alicuius
478 3661 584 3724 classis,
609 3659 688 3713 alteri
706 3660 834 3712 minimus
853 3659 964 3712 alterius
987 3659 1174 3727 proximaeque
1197 3659 1291 3712 classis
1309 3675 1402 3712 census
1421 3662 1500 3726 esset,
1594 3715 1595 3722 ,

272 3747 358 3815 prImo
376 3745 502 3814 adspectu
520 3746 622 3799 Iniuste
635 3761 666 3798 ea
678 3744 788 3798 definita
803 3759 858 3797 esse
871 3742 1032 3809 viderentur,
1052 3745 1096 3797 sed
1108 3759 1160 3812 quo
1173 3743 1233 3812 quis
1251 3743 1399 3797 maioribus
1417 3744 1499 3798 facul·
1594 3733 1595 3774 t

271 3832 375 3886 tatibus
404 3831 564 3896 abundaret,
599 3847 627 3884 eo
656 3829 752 3884 maiori
782 3829 905 3899 quaestui
935 3829 1046 3883 eundem
1076 3830 1172 3882 servire
1200 3845 1283 3897 posse.
1316 3828 1359 3896 (ol.
1384 3830 1499 3898 Ohlupp.

274 3918 496 3987 SystematIsches
513 3916 665 3970 thfsbuch
692 3913 739 3970 de'r
762 3915 879 3968 directen
898 3915 1011 3969 Steuern
1035 3915 1072 3968 im
1090 3915 1245 3969 Kaisertum
1263 3913 1435 3969 Oesterreich.
1460 3916 1500 3974 ed.

275 4003 516 4073 fflpmmh

377 4091 397 4159 ⁴)
417 4087 478 4145 Oec.
499 4091 547 4144 civ.
566 4090 631 4146 Ath.
649 4089 670 4152 I,
690 4089 747 4144 656.
1572 4133 1574 4136 ,

376 4175 396 4242 ⁵)
415 4175 520 4230 Griech.
539 4176 656 4229 Alterth.
679 4174 707 4241 I,
724 4173 776 4228 463
795 4189 848 4242 sq.;
880 4172 1163 4240 „Vcrfassungsgeseh
1182 4171 1261 4225 Athe
1287 4189 1312 4240 p.
1330 4173 1364 4226 24
1389 4189 1427 4242 sq.
1457 4172 1502 4227 Ad

272 4277 351 4331 quem
376 4261 465 4315 locum
483 4261 629 4314 Hermanni
658 4259 737 4314 rerba
764 4261 915 4328 spectarent
940 4256 1230 4328 [nnciq.1,162‚3]:
1259 4274 1360 4327 agogen
1379 4257 1502 4313 Boeclrhs

272 4347 411 4401 Bedenken
429 4349 455 4404 S,
474 4348 538 4414 656,
560 4346 599 4402 oh
616 4347 700 4401 euch
719 4349 836 4416 sptter
853 4343 950 4408 noch,
968 4344 1028 4397 wie
1045 4346 1128 4398 nach
1147 4345 1269 4398 Solous
1289 4345 1502 4399 Clesseuein-

273 4431 432 4503 theilung
457 4451 518 4488 nur
541 4432 598 4488 dns
616 4432 917 4502 handaigenthum
941 4429 1120 4486 besteuert
1143 4430 1275 4486 worden
1294 4431 1356 4498 sei,
1384 4431 1502 4484 Schoe-
1592 4471 1593 4474 ,
