3232 5044
649 288 855 363 ,59-

138 487 313 568 tertiaeque
342 486 486 550 classium
517 503 552 550 er
582 485 672 550 certis
696 483 881 567 quibusdam
904 482 1044 568 partibus
1066 485 1098 549 in
1120 485 1245 574 tabulas¹
1267 483 1363 552 reior-

139 592 263 666 rentur,
288 587 369 652 uude
390 585 545 652 tributum
569 585 786 669 computarent
807 585 1021 669 magistratus.
1057 585 1172 666 Quodsi
1195 587 1365 654 Plutarcho

138 695 267 759 auctore
276 691 298 769 ¹)
322 689 469 754 frumenti
492 689 685 754 medimnum
707 688 856 754 drachma
877 689 1037 765 aestimes,
1070 689 1103 753 in
1125 689 1260 771 primam
1284 691 1364 757 clas-

140 813 208 860 sem
225 811 274 858 eos
288 795 425 875 receptos
441 811 507 857 esse
530 795 736 874 consequitur,
761 809 891 873 quorum
912 791 1060 857 minimus
1077 805 1184 857 census
1200 793 1363 869 sexmilia,

141 898 175 962 in
197 897 328 962 alteram
351 913 410 972 eos,
434 912 566 976 quorum
588 913 696 958 census
718 883 780 959 tria
802 893 889 959 milia
912 895 1084 972 sexcentae,
1108 894 1281 962 intertium
1304 915 1364 973 eos,

143 1019 269 1084 quornm
292 1017 403 1086 census
426 997 486 1062 duo
509 997 598 1063 milia
620 997 861 1081 quadringentas
883 997 1048 1063 drachmas
1062 1001 1175 1076 'erant;
1198 998 1251 1080 qui
1266 998 1364 1082 igitur

139 1101 171 1166 in
193 1101 298 1166 altera·
316 1095 415 1165 'classe
437 1091 601 1181 conschipti
625 1099 730 1184 eraut,
765 1103 900 1183 quinque
932 1103 1034 1166 sertas
1056 1098 1245 1167 facultatum
1272 1101 1365 1183 profi·
1407 1187 1408 1190 Ἴ

138 1191 304 1281 rebantur,
332 1203 385 1284 qui
407 1201 518 1267 tertiae
540 1202 656 1268 classis
669 1207 772 1283 erant,
802 1205 936 1286 quinque
959 1201 1198 1283 duodecimasb.
1245 1204 1290 1269 De
1305 1203 1365 1285 qua

141 1307 298 1372 sententia
318 1305 429 1384 BaIrIo,
454 1341 495 1352 -
517 1310 566 1370 ut'
583 1305 742 1384 omittam,
776 1309 856 1390 quod
888 1307 1012 1390 longius
1042 1325 1221 1392 progressus
1244 1305 1365 1372 Solonis

141 1409 331 1492 temporibus
360 1423 400 1472 ne
422 1405 526 1473 fictam
558 1408 686 1489 quidem
716 1409 913 1490 praediorum
943 1409 1193 1474 aestimationem
1222 1409 1290 1474 fieri
1311 1429 1364 1494 po-

140 1509 268 1589 tuisseb
285 1530 347 1575 non
363 1509 529 1574 dubitarit
544 1509 717 1588 adfirmare,
731 1547 770 1558 -
784 1510 893 1589 inanis,
917 1513 996 1594 quod
1014 1512 1156 1594 equidem
1172 1530 1364 1594 cognoscam,

140 1615 303 1696 scrupulus
325 1613 538 1692 iniectus-est:
573 1611 649 1678 dicit
672 1613 753 1678 enirn
776 1614 798 1679 l.
824 1631 851 1678 c.
876 1633 905 1696 p.
931 1613 1008 1678 124:
1045 1614 1101 1679 ade
1115 1605 1266 1695 tributis,
1289 1636 1366 1700 quae

138 1717 346 1784 Pisistratidis
374 1718 587 1798 pependerunt
610 1716 831 1796 Athenienses,
867 1717 1043 1800 grantssimi
1073 1719 1206 1784 auctoris
1236 1720 1366 1785 dissorto

140 1811 321 1888 testimonio
349 1821 491 1885 novimus
508 1821 556 1884 ‘tr
581 1823 649 1885 »τῶν
677 1823 871 1901 γιγνομένων
904 1821 1007 1886 soluta
1021 1809 1024 1841 ²
1039 1821 1150 1904 fuisse3
1182 1841 1279 1904 neque
1301 1842 1366 1888 cre·

141 1921 242 1992 dibile
268 1928 314 1990 est
335 1924 536 1990 Pisistratum
567 1921 774 2006 quidquam
764 1934 928 1989 innovasse
956 1925 991 1988 iu
1012 1923 1069 1989 hoc
1099 1925 1224 2006 quidem
1246 1924 1366 1991 Solonis

135 2029 316 2094 instructoe
351 2027 453 2092 Ater
475 2027 551 2109 ipsis
576 2026 764 2110 Thucydidis
788 2023 918 2104 vorbis⁴)
943 2017 1010 2106 (VI,
1033 2026 1084 2108 54,
1109 2027 1155 2105 5)·
1185 2029 1273 2092 uult
1275 2030 1366 2107 πετή-

140 2137 254 2198 δευταν
283 2132 332 2196 ἐπὶ
359 2135 504 2196 absictos
533 2133 572 2209 δὴ
601 2130 632 2194 οἱ
655 2130 803 2208 τύραννοι
830 2129 919 2194 οὗτοι
947 2127 1063 2209 ἀρετὴν
1092 2131 1141 2194 καὶ
1163 2131 1281 2197 ξύνεαν
1303 2133 1366 2195 καὶ

139 2235 369 2312 Ἀθηναίου(
390 2234 568 2311 εἰκοετήν
588 2234 711 2310 μόνον
734 2234 1002 2311 πραεεόμενοι
1030 2237 1105 2297 τῶν
1127 2235 1367 2312 γιγνομένων

139 2340 197 2416 τήν
218 2358 252 2402 τε
275 2337 367 2402 πόλιν
390 2336 495 2401 αὐτῶν
518 2339 619 2401 καλῶς
642 2337 843 2437 διεκότμηεαν
865 2337 915 2400 καὶ
937 2339 1025 2401 τοὺς
1036 2337 1192 2416 πολέμους
1218 2339 1367 2417 δι’έφεμον

138 2442 189 2506 καὶ
212 2441 244 2506 ἐ(
267 2441 306 2504 τὰ
328 2439 398 2519 ἱερὰ
426 2440 531 2520 ἔθυον·
565 2442 610 2503 τὰ
644 2441 685 2504 δὲ
670 2425 814 2522 ὲᾷλλα
849 2439 947 2517 αὐτή
980 2440 1007 2518 ἡ
1027 2440 1141 2504 πόλι(
1170 2444 1253 2504 τοῑε
1276 2442 1367 2519 πρὶν

139 2545 337 2622 κειμένοῑε
364 2543 503 2624 νόμοι(
532 2543 695 2622 ἐχρῆτο,
707 2544 797 2622 πλὴν
824 2540 894 2606 καθ’
916 2541 992 2607 ὅαον
1015 2541 1063 2606 ἀεί
1085 2557 1154 2605 τινα
1177 2541 1366 2619 ἐπεμέλοντο

139 2653 230 2728 (φῶν
266 2647 372 2711 αὐτῶν
409 2647 443 2710 ἐν
481 2649 548 2711 ταῖς
584 2648 696 2725 ἀρχαῖα
732 2645 824 2721 εἶναι,
861 2645 959 2727 liquet
944 2638 1087 2710 tPisist
1073 2648 1137 2710 ttra
1123 2643 1204 2710 tides
1240 2645 1273 2709 in
1307 2644 1366 2710 im·

141 2748 276 2832 parando
310 2749 365 2813 illo
403 2748 522 2822 tributo
558 2748 724 2814 aSolonis
761 2748 865 2832 lege
856 2767 889 2814 rn
919 2764 952 2812 eo
980 2748 1147 2830 praecipue
1183 2747 1367 2825 discessisse,

143 2851 226 2936 quod
247 2869 428 2934 unoquoque
456 2870 534 2918 anno
564 2852 709 2935 pecunias
733 2852 907 2935 exegerunt.
954 2850 1059 2931 Quid?
1080 2867 1141 2916 uon
1164 2854 1252 2932 potus
1243 2849 1365 2932 theri,

141 2954 346 3036 uttyranni‚
379 2971 449 3019 555
482 2953 636 3020 tributum
664 2955 909 3021 anniversarium
934 2953 1175 3020 Atheniensibus
1210 2945 1366 3036 imponere

142 3049 331 3152 coepissent,
363 3056 474 3138 iidem
488 3075 550 3123 non
579 3077 595 3121 e
617 3043 814 3138 praediorum
836 3055 953 3138 pretio,
988 3054 1040 3120 sed
1063 3075 1079 3120 e
1101 3056 1206 3120 fructu
1228 3073 1366 3120 summas

145 3157 327 3226 definirent?
356 3159 474 3234 Deinde
497 3177 561 3236 cur,
585 3158 627 3224 si
635 3178 668 3224 re
685 3177 758 3234 uera
778 3159 929 3225 reditibus
953 3157 1053 3224 tribut
1039 3162 1108 3223 tum
1130 3157 1290 3240 iniungere
1313 3176 1366 3222 vo·

143 3262 262 3341 luisset,
285 3279 343 3328 non
366 3262 422 3326 hos
444 3264 527 3345 ipsos
549 3279 604 3344 pro
627 3261 830 3326 fundamento
846 3261 934 3343 quasi
949 3260 1102 3342 posuisset
1119 3259 1212 3326 Solon
1228 3260 1260 3324 in
1275 3278 1366 3341 repu-

141 3363 243 3430 tandis
264 3367 427 3447 pecuniis?
470 3365 580 3431 Nonne
602 3366 629 3431 si
650 3367 692 3431 id:
706 3367 887 3448 spectasset,
910 3365 1041 3428 summis
1062 3363 1128 3428 illis
1151 3381 1186 3427 er
1209 3362 1365 3445 multipli-

141 3467 265 3533 catione
288 3471 482 3534 summarum
505 3467 710 3552 simplicium,
735 3469 984 3560 quingentarum,
1008 3463 1227 3546 trecentarum,
1251 3469 1367 3532 ducen-

246 3674 266 3739 )
285 3671 341 3727 514
356 3672 417 3737 VII,
435 3672 476 3740 23,
495 3672 525 3726 3:
543 3671 583 3727 εἰ(
604 3675 655 3739 μέν
673 3690 706 3739 γε
726 3674 762 3726 τὰ
780 3674 923 3740 τιμήματα
942 3677 1002 3727 τῶν
1022 3676 1125 3726 θυειων
1141 3670 1283 3773 λογίζεται
1300 3673 1368 3740 πρό-

139 3762 230 3823 βατον
249 3762 295 3812 καί
314 3760 443 3839 δραχμὴν
462 3758 527 3812 ἀντὶ
547 3759 688 3826 μεδίμνου.

245 3843 359 3911 ²)Num
375 3843 563 3906 Boeclrhiusl.
582 3861 604 3898 c.
623 3845 650 3911 Ι,
669 3844 720 3898 647
741 3845 887 3914 neglegens
905 3801 1047 3898 Plutarchi
1074 3845 1101 3896 et
1128 3843 1367 3912 grammaticorum

123 3922 297 3983 ¹testimonia
314 3923 452 4027 legemque
470 3929 628 4006 respiciens,
648 3946 716 3999 quas
735 3933 822 3984 exstat
840 3931 916 3984 Dem
933 3909 1031 3996 XLIII,
1050 3929 1095 3993 54,
1114 3930 1185 3982 recte
1202 3924 1368 3980 contenderit

137 4014 238 4068 tertiae
260 4015 354 4068 classis
377 4015 519 4069 minImum
542 4031 649 4069 censum
666 4018 775 4070 centum
792 4015 991 4085 quinquaginta
1009 4013 1157 4068 medimnos
1175 4013 1273 4078 luisse,
1300 4027 1368 4080 quac

136 4105 180 4155 est
198 4103 226 4154 et
244 4101 363 4155 lentium
385 4103 413 4155 ct
436 4104 658 4169 argumentorum
685 4101 787 4171 inopia,
816 4103 845 4155 in
866 4101 953 4156 medio
981 4099 1185 4169 relinquendum
1212 4112 1267 4150 esse
1293 4099 1367 4164 puto

123 4186 184 4242 -GI
204 4185 378 4244 Schoemann.
407 4187 757 4266 „Veriassungsgeschicbte
778 4185 896 4242 Atheneo
925 4203 949 4256 p
968 4187 1016 4248 23;
1042 4184 1118 4240 Telfii
1136 4185 1214 4250 Corp.
1238 4183 1289 4234 iur.
1308 4183 1367 4236 Att.

137 4288 164 4342 p.
184 4272 252 4338 532;
269 4273 412 4354 Hermann
421 4273 524 4350 Antiq
543 4273 565 4340 Ι,
585 4273 643 4339 108,
661 4273 686 4329 9.

246 4358 301 4426 ³)l.
321 4375 343 4412 c.
362 4376 386 4428 p
408 4361 464 4414 125.
624 4385 626 4389 ⁴

122 4509 128 4514 ¹
236 4442 325 4512 ⁴.)cf
345 4445 458 4500 Bosclrh
476 4447 495 4499 l.
514 4462 534 4500 c.
553 4445 577 4512 I,
595 4445 653 4498 444.
682 4443 875 4498 Pisistratus
868 4460 921 4498 ram
946 4440 1074 4497 dealmam
1101 4403 1170 4494 redit
1158 4443 1235 4494 tuum
1265 4441 1367 4508 partem

138 4529 352 4585 Atheniensibus
369 4531 501 4598 iniunxit·
520 4531 553 4584 ci.
572 4531 684 4599 Diogen
703 4521 791 4584 Lacrt.
809 4529 831 4594 Ι,
849 4531 873 4595 2,
892 4527 977 4594 6(ed.
996 4521 1099 4594 Cobet).
