3232 5044
652 244 862 307 „61-

141 432 208 498 ἀλλ’
230 433 250 510 ἢ
275 430 376 508 ὀλίγοι
398 432 449 495 καὶ
471 429 561 495 οῦτοι
583 427 748 504 ἀδύνατοι,
769 430 905 494 τούτου(
927 432 986 508 μὲν
1007 429 1126 510 ἀφῆκα,
1149 431 1313 497 ὑποθεὶς
1336 434 1373 498 δὲ

140 539 209 615 τὴν
229 534 365 599 coctus
387 535 455 612 τὴν
478 533 648 612 ἐμαυτοῦ
667 535 734 598 rui
754 533 1040 612 osvercopevoc
1062 532 1253 612 ἀργύριον
1275 538 1373 613 ποῶ·

140 657 206 704 το(
245 637 529 716 ἑπληρανεὰμην
568 638 637 714 τὴν
673 641 769 702 ναῦν
806 636 1102 716 preoccupans<
1139 637 1285 702 notrae
1322 639 1373 703 αλια

141 741 229 806 οἷόν
252 738 280 803 τ’
302 738 349 818 ἦν
372 738 570 818 ἀρίετουε,
601 755 734 821 quonum
758 738 824 804 loco
846 737 985 804 conferas
1008 739 1037 822 5.
1064 739 1116 803 13;
1141 741 1192 804 καλ
1207 773 1249 788 -
1264 743 1374 818 μαθὸν

143 844 259 909 οὐδένα
287 843 394 922 λαβὼν
422 841 510 920 παρὰ
538 846 596 906 τοῦ
623 841 1053 922 reconpensationem,
1082 843 1276 909 κατέαλευεα
1297 846 1373 910 τοῦ(

142 949 281 1026 optetur
310 940 399 1021 ἄγων
427 945 539 1010 διὰτὸ
564 943 674 1024 ἄματά
702 965 756 1024 μοι
782 949 871 1010 πλεῖν
899 947 958 1024 τὴν
984 949 1065 1010 ναῦν
1088 947 1120 1010 et
1141 946 1171 1025 ὅ.
1197 946 1237 1008 10
1259 947 1291 1010 st
1315 947 1372 1024 loq

141 1049 235 1114 lsocr.
259 1045 378 1123 XVIII,
391 1049 451 1113 ’6οε
485 1049 592 1113 nestor
613 1049 672 1117 τὸν
694 1047 837 1129 ἀδελφὸν
859 1052 1129 1127 ευνομοημαρχεῖν,
1157 1048 1245 1128 παρ’
1267 1049 1390 1128 ἡμῶν,

141 1155 272 1218 αὐτῶν
302 1151 439 1230 presso
468 1150 650 1216 διδόντες
680 1155 766 1216 rote
794 1151 958 1216 ναύται(
980 1155 1084 1217 κακῶς
1107 1153 1275 1231 ἐποιοῦμεν
1296 1153 1372 1217 rote

142 1252 384 1335 notspoicoc¹).
1154 1334 1157 1338 .

249 1357 449 1422 Armnmenta
471 1373 543 1422 vero
566 1358 694 1423 navium
716 1358 834 1436 aetate,
857 1359 895 1422 de
918 1373 979 1438 qna
1001 1358 1184 1436 macomus,
1208 1361 1277 1422 tum
1299 1377 1318 1422 s
1339 1372 1374 1422 re

144 1459 277 1544 publica,
299 1461 369 1524 tum
387 1460 603 1526 etriersrchis
626 1459 886 1543 comparabantur
909 1462 1076 1543 eademque
1100 1461 1281 1526 vicissitudo
1305 1461 1373 1526 erut

140 1565 175 1627 in
198 1563 366 1628 naumrum
398 1563 712 1646 administrorumqne
742 1564 974 1646 conquisitione.
1010 1563 1122 1628 Verbis
1156 1564 1256 1642 enim,
1288 1577 1371 1646 quae

139 1665 369 1746 Aristophanes
397 1665 502 1748 liquit.
526 1667 590 1732 913
611 1683 676 1748 sqq.
710 1666 828 1749 posuit:
864 1667 926 1744 ἐγώ
951 1686 983 1732 ce
1004 1668 1126 1746 ποιήσω
1159 1665 1371 1751 τριηλμαμχεῖα

138 1769 280 1834 παλαιὰν
305 1773 385 1834 ναῦν
412 1769 525 1848 ἔχοντ’,
545 1769 551 1856 Ι
570 1771 613 1836 εἰ(
641 1773 680 1850 ἣν
701 1769 829 1834 ἀναλῶν
852 1771 912 1835 οὐκ
934 1768 1068 1854 {pitter
1088 1769 1168 1835 cote
1190 1771 1372 1847 ναυπηγοῦ·

139 1891 235 1951 μενοε
255 1871 261 1955 Ι
280 1924 288 1948 ,
311 1874 537 1952 λιαμαχήεομαι
560 1873 589 1938 θ’
604 1873 694 1938 ὅπως
713 1871 718 1957 Ι
738 1873 778 1938 ἂν
795 1870 1069 1952 λετίονῦααπρὸν
1091 1874 1188 1956 λάβῃ(
1207 1870 1269 1954 (01.
1287 1871 1373 1948 &tri

139 2001 183 2030 τ.-
198 1972 301 2052 uncle
323 1993 352 2040 s.
369 1973 440 2040 Chr.
459 1977 516 2056 n),
541 1975 588 2040 hie
610 1975 804 2058 temporibus
827 1974 990 2039 ciuitatem
1011 1993 1106 2040 neree
1128 1975 1288 2039 nonnullis
1311 1975 1372 2038 nl-

140 2077 264 2141 nimum
287 2077 498 2156 armamentis,
522 2079 558 2144 nt
579 2078 666 2156 velis,
689 2095 852 2144 exornasse
874 2077 1018 2154 efficitur,
1042 2097 1113 2142 cum
1135 2078 1226 2161 paulo
1249 2082 1319 2159 post
1339 2078 1372 2142 in

141 2180 339 2262 expeditione
362 2183 470 2246 contre
487 2181 662 2248 Sicilienses
685 2181 825 2248 facienda
846 2183 951 2247 omnia
974 2183 1169 2248 armamenta
1186 2179 1371 2246 trierarcluis

138 2283 333 2366 praestanda
360 2283 470 2363 fuisse,
505 2284 628 2367 publice
657 2288 763 2350 autern
784 2289 816 2350 et
838 2286 949 2350 nautas
973 2289 1004 2350 et
1028 2284 1187 2350 ministros
1210 2303 1278 2350 esse
1300 2302 1371 2350 con-

140 2385 276 2467 scriptos
285 2387 474 2470 Thucydidis
490 2387 567 2472 loeo,
583 2387 638 2469 qui
651 2388 742 2452 modo
758 2388 881 2453 edictus
896 2388 945 2453 est
960 2385 1026 2470 (VI,
1039 2389 1090 2466 31,
1100 2389 1145 2469 3),
1160 2386 1371 2468 doceamuri‘).

140 2487 255 2570 Neque
283 2496 347 2569 est,
377 2509 431 2556 cur
452 2492 574 2572 praeter
603 2493 858 2557 consuetudinem
880 2492 1061 2556 trierarchie
1083 2493 1158 2556 tunc
1181 2491 1372 2572 imperatum

141 2607 211 2659 esse
226 2597 427 2676 suspicemur,
450 2599 487 2659 ut
502 2595 631 2660 navium
646 2613 734 2660 arma
749 2598 862 2662 cuncta
885 2599 1115 2677 compararent·3
1140 2612 1223 2679 nam,
1246 2591 1372 2658 etiamsi

248 2836 268 2900 ¹)
287 2834 327 2888 Cf.
346 2833 460 2888 Boeelrln.
479 2831 538 2888 Oee.
556 2833 605 2888 civ.
625 2833 690 2888 Ath.
710 2833 732 2900 1,
752 2833 803 2888 713
822 2849 861 2904 sq.

251 2917 351 2983 'titre
374 2917 494 2988 Engerus
520 2919 611 2974 annal.
629 2918 726 2990 Gymn.
745 2921 878 2975 Berussic.
903 2921 970 2976 1854
995 2935 1021 2988 p.
1039 2919 1092 2974 403
1114 2935 1153 2988 sq.
1172 2917 1269 2972 chlrii
1296 2917 1373 2972 reicit

143 3005 337 3070 coniecturam,
364 3006 423 3073 qui,
451 3008 483 3059 ut
499 3005 627 3060 Boecirlrii
655 3007 806 3074 opinionem
830 3006 1001 3063 confirmaret
1027 3005 1045 3058 1.
1063 3022 1085 3060 ο.
1103 3005 1132 3071 1,
1152 3005 1203 3058 713
1225 3002 1372 3058 sumentis

146 3090 334 3160 Aristophanis
359 3094 447 3146 aetate
470 3092 551 3146 malis
574 3091 717 3146 minimum
734 3108 816 3145 naves
834 3092 941 3162 publice
958 3093 1076 3146 armatos
1093 3107 1162 3158 esse,
1190 3089 1272 3144 scribi
1291 3088 1373 3142 iussit

148 3177 213 3231 „roo
241 3177 320 3232 ἱετὸν
347 3178 408 3232 ove.
438 3176 508 3232 Nam
527 3206 559 3216 -
578 3180 609 3231 ut
627 3180 788 3246 praeteream
815 3177 930 3230 alterum
948 3176 1044 3230 Kockii
1072 3178 1274 3246 argumentum,
1302 3172 1372 3242 quod

143 3263 213 3316 Mus.
232 3263 316 3317 Rhen.
334 3261 375 3315 IX
392 3281 417 3332 p.
430 3261 482 3317 534
499 3261 572 3316 hisce
590 3263 678 3317 verbis
697 3262 823 3332 protulit:
844 3278 922 3315 „nam
940 3262 963 3315 si
983 3262 1065 3316 etiam
1083 3263 1247 3316 armamenta
1265 3258 1373 3312 navalia

142 3347 251 3417 publice
264 3349 327 3402 data
339 3351 435 3412 essent,
454 3349 519 3417 qnid
537 3349 653 3416 tandem,
672 3364 755 3418 quum
773 3349 856 3403 etiam
875 3347 1009 3418 stipendia
1026 3349 1172 3403 classiariis
1190 3347 1295 3416 publice
1313 3362 1372 3414 per-

142 3436 317 3500 solverentur,
335 3433 544 3490 triersrchorum
562 3452 639 3490 curae
658 3436 781 3490 relietum
800 3437 910 3490 fuisseti
931 3436 974 3504 (cf.
994 3452 1019 3504 p.
1038 3436 1071 3490 62
1089 3439 1139 3504 sq.)
1159 3465 1190 3474 —
1210 3435 1282 3504 quod
1300 3433 1373 3487 idem
1433 3451 1435 3454 ·

142 3521 337 3588 grammaticus
348 3523 378 3575 in
390 3522 582 3590 Aristophanis
599 3521 716 3578 editione
734 3522 757 3590 1,
777 3523 827 3577 vol.
840 3521 871 3578 11
889 3538 914 3591 p.
929 3523 979 3577 137
997 3523 1030 3576 de
1041 3521 1099 3585 hoc,
1118 3535 1196 3590 quem
1215 3523 1371 3581 tractamus,

141 3607 215 3661 loco:
244 3607 291 3662 „In
310 3607 356 3662 der
374 3608 509 3678 vulgatae
534 3610 624 3678 inquit
652 3609 706 3666 „isc
732 3609 814 3664 sehon
840 3609 886 3664 der
904 3609 1032 3676 Singular
1058 3607 1240 3662 auiislieude:
1269 3607 1292 3660 si
1309 3605 1369 3674 qui-

138 3693 203 3746 dem
221 3709 274 3774 uno
293 3694 371 3762 plura
389 3695 449 3750 vela
466 3695 496 3750 in
513 3713 673 3766 unaquaque
696 3699 802 3752 triremi
827 3696 971 3751 fuissetis
991 3695 1075 3750 verbis
1093 3695 1284 3748 adfirmaturus
1308 3692 1369 3756 fuit,

139 3777 293 3834 Boeckhius
311 3781 365 3856 inqu
384 3781 478 3847 (Inscr.
497 3785 572 3836 nant.
591 3799 617 3850 p.
638 3783 699 3848 138)
717 3783 822 3838 monuit
838 3783 867 3836 in
884 3781 976 3836 titulis
994 3783 1174 3836 uno-tantum
1190 3780 1248 3835 loco
1265 3779 1371 3844 excepto

140 3863 208 3934 [Xe
225 3863 272 3934 4⁷]
289 3857 392 3936 semper
410 3868 517 3936 singula
533 3870 731 3923 commemorari
749 3871 820 3935 vela;
843 3868 878 3923 ci.
896 3867 936 3924 IV
949 3869 968 3936 f
980 3867 1014 3922 36
1020 3887 1027 3933 ;
1044 3867 1094 3933 71;
1111 3867 1170 3934 tm
1190 3867 1236 3929 13;
1256 3862 1372 3926 Vd25;

140 3950 214 4004 IXu
231 3951 262 4016 3;
285 3953 365 4017 eth
390 3953 444 4008 Xa
461 3954 509 4020 363
532 3954 694 4020 cso;1os;
715 3956 860 4022 12331553
883 3956 962 4020 0293
989 3949 1372 4016 X111a136;u125;145;

140 4035 242 4091 xiva
260 4037 307 4104 113
334 4039 774 4108 0173108;242;e100;120;
799 4040 977 4096 Xv-XVIb
996 4041 1041 4106 163
1059 4039 1125 4104 201;
1142 4038 1206 4100 2063
1224 4037 1289 4099 211;
1306 4034 1369 4100 2143

141 4121 1371 4194 2193223;cl;113493623673180;xvlla1563t19;24;29;014;19;98.

141 4208 240 4278 ltaque
260 4209 379 4265 Koskius
405 4212 462 4281 ipse
486 4214 514 4267 in
538 4213 623 4268 altera
648 4211 837 4280 editiousffl,
859 4213 1172 4282 lesmorrensem,
1200 4225 1266 4278 quae
1293 4207 1372 4260 libris
1472 4259 1476 4275 q

143 4295 248 4350 tradita
265 4301 314 4364 eet,
333 4297 457 4353 servavit.
476 4298 679 4354 cellmana.
698 4300 716 4354 l.
736 4315 758 4352 c.
776 4299 798 4363 Ι,
818 4299 876 4366 167,
895 4299 919 4352 7.

248 4383 268 4447 ³)
286 4383 327 4438 Cf.
348 4383 428 4440 Wolf.
452 4385 593 4454 l.c.1013
620 4385 768 4442 Kirchhoff.
791 4386 810 4440 l.
827 4401 850 4438 c.
870 4402 895 4456 p.
914 4386 992 4440 8211.
1010 4385 1045 4439 34
1070 4385 1212 4440 lectionem
1241 4387 1316 4436 „stov
1341 4383 1371 4436 δὲ

145 4471 343 4540 τριηράρχωνν
362 4471 511 4526 rectissime
528 4471 656 4530 defendit.
