3232 5044
780 245 986 312 ..38-

270 435 565 520 elooupletioribus
594 435 638 500 ελτ
672 435 829 513 corruptor
861 437 917 510 τῆτ
950 431 1076 496 πόλεως
1108 445 1169 494 uon
1203 427 1348 494 continno
1371 428 1498 512 quidem

270 541 380 624 pendi,
418 539 471 604 sed
505 539 657 620 praestari
690 535 888 602 fortunarum
923 548 1150 616 quamcumque
1183 535 1319 613 partem,
1357 549 1417 613 qua
1449 551 1497 597 res

270 643 397 727 publica
430 642 515 708 velut
552 640 683 722 ἀφορμῇ
721 640 876 715 uteretur,
915 638 1065 719 quantum
1099 653 1173 717 opus
1207 638 1302 712 esset,
1336 637 1497 717 tamquam

269 747 378 830 parato
402 744 573 827 praesidioe
599 748 630 809 et
652 751 685 826 p.'
700 743 761 808 149
788 743 948 808 edicamus
970 777 1012 788 -
1035 759 1126 822 quem
1149 740 1188 803 ad
1210 739 1338 804 modum
1360 739 1393 803 in
1416 739 1496 803 iudi-

271 850 327 914 oiis
350 849 504 914 sententia
525 847 663 912 iudicum
683 846 858 924 definiatur,
882 853 1032 926 qnantum
1047 862 1065 908 a
1080 861 1131 906 reo
1154 859 1269 924 poenae
1283 843 1406 907 nomine
1421 861 1497 924 pen·

273 951 409 1017 dandum
424 951 475 1029 sit,
499 950 546 1014 ita
560 949 630 1033 lege
646 948 808 1015 delinitum
824 948 928 1025 fuisse,
953 948 1071 1030 quanta
1090 949 1242 1012 oensenda
1256 950 1339 1011 esset
1353 950 1497 1030 pecuniae

269 1057 417 1136 ἀφορμή,
451 1071 487 1119 ex
509 1071 570 1134 qua
592 1053 631 1116 ad
654 1052 729 1118 belli
757 1051 956 1116 necessitates
980 1048 1120 1114 subsidia
1142 1051 1207 1132 peti
1229 1053 1399 1130 oporteret3
1434 1051 1498 1114 ita-

271 1174 330 1240 que
352 1156 414 1222 ista
436 1157 620 1235 ἑξακιτχίλια
642 1156 781 1220 τάλαντα
804 1153 899 1218 fuisse
920 1153 1081 1234 tamquam
1104 1153 1227 1231 τίμημα,
1250 1151 1289 1216 οὗ
1310 1153 1368 1231 τὴν
1390 1153 1499 1232 χώραν

273 1263 415 1342 eriperer
438 1261 456 1324 ὁ
480 1259 593 1339 νόμοι,
624 1277 660 1321 ex
682 1275 757 1340 quo,
780 1260 931 1338 quantum
955 1275 1075 1338 quoque
1099 1261 1237 1339 tempore
1260 1257 1340 1320 esset
1361 1255 1499 1338 penden-

268 1364 354 1444 dum,
377 1360 588 1445 psephismate
604 1377 726 1441 semper
740 1359 963 1441 imperaretur-e
978 1395 1019 1405 -
1031 1359 1056 1422 si
1071 1358 1148 1422 haec
1163 1359 1235 1423 ante
1251 1359 1356 1424 oculos
1373 1359 1497 1436 habeas,

270 1487 344 1532 sane
371 1465 510 1543 mireris,
539 1465 619 1546 quod
642 1463 758 1528 Belius
781 1461 865 1528 idem
888 1461 983 1526 fuisse
1005 1463 1042 1526 τὸ
1064 1462 1179 1541 τίμημα
1201 1463 1239 1526 τὸ
1261 1465 1317 1540 τῆς
1338 1465 1444 1542 χώραν
1466 1468 1500 1528 et

273 1587 428 1636 summam
450 1570 660 1652 pecuniarum,
685 1583 762 1649 quas
785 1565 889 1632 cuncti
912 1565 1052 1630 homines
1075 1564 1206 1646 professi
1228 1569 1310 1643 sunt,
1335 1567 1500 1632 concedere

270 1676 430 1755 tantopere
452 1672 609 1754 geratur.

373 1773 460 1854 Quod
472 1793 543 1839 uero
558 1773 642 1838 idem
659 1772 782 1838 dubitat
791 1771 825 1854 ¹),
849 1791 924 1837 num
938 1771 1037 1838 subici
1047 1772 1147 1856 possit
1157 1771 1215 1838 illa
1225 1772 1273 1837 ris
1285 1773 1353 1838 voci
1368 1775 1498 1854 τιμήμα-

268 1901 334 1954 roc,
358 1875 501 1960 equidem
524 1892 585 1940 non
606 1875 765 1958 intellego,
789 1875 864 1956 quid
884 1874 936 1956 sit,
959 1893 1023 1954 cur,
1047 1875 1074 1940 si
1089 1873 1224 1957 quidem,
1246 1879 1283 1940 nt
1299 1876 1499 1959 grammatici

267 1984 340 2048 utar
369 1981 487 2058 verbis,
523 1979 687 2062 „pecuniae
715 1979 862 2059 ἀφορμή,
895 1997 932 2044 ex
954 1993 1016 2060 qua
1038 1979 1077 2044 ad
1099 1977 1176 2044 belli
1199 1977 1400 2043 necessitates
1422 1979 1498 2042 sub·

273 2085 354 2151 sidia
375 2085 442 2167 peti
464 2083 656 2166 oportunam,
691 2083 807 2160 τίμημα
830 2084 876 2146 est
899 2081 1069 2164 appellata,
1104 2096 1164 2146 non
1186 2081 1282 2146 liceat
1303 2080 1386 2145 idem
1408 2095 1502 2146 voca·

270 2188 380 2252 bulum
401 2186 548 2252 adhihere
571 2184 610 2250 ad
625 2184 863 2268 significandam
885 2184 1058 2266 pecuniam,
1083 2203 1176 2267 quam
1199 2187 1329 2267 quisque
1352 2203 1445 2250 censa
1464 2204 1503 2264 re

272 2289 392 2354 familie
415 2287 590 2367 deferebat,
615 2287 795 2371 praesertim
818 2305 889 2351 oum
913 2286 1135 2353 Demosthenes
1158 2286 1225 2369 ipse
1247 2287 1305 2352 hoc
1330 2286 1497 2352 „damnet

271 2395 413 2471 τιμᾶτθαι
442 2390 581 2456 nominet
603 2389 654 2454 tel
675 2390 836 2455 τάττετθαι
859 2409 884 2454 e.
908 2408 953 2472 gr.
977 2388 1109 2472 XXVII,
1133 2391 1168 2456 8:
1201 2394 1331 2470 πρῶτον
1359 2393 1417 2471 μὲν
1438 2390 1500 2456 οὖν

268 2497 313 2560 oc
329 2496 568 2574 τανετιμήταντο
590 2495 671 2574 ὑπὲρ
696 2495 772 2574 ἐμοῦ
795 2494 915 2572 ταύτην
934 2496 990 2572 τήν
1013 2493 1166 2575 ελτφορὰν
1181 2494 1225 2559 etc
1241 2496 1298 2573 τήν
1314 2495 1498 2575 τυμμορίαν,

268 2601 443 2678 παρέξομαι
470 2600 596 2664 τούτων
626 2599 800 2680 μάμτυματ;
836 2598 853 2660 i
881 2596 931 2678 (of.
955 2596 1069 2676 XXIX,
1093 2597 1165 2678 oet:
1194 2597 1239 2662 εἰτ
1260 2598 1322 2676 γὰρ
1345 2599 1403 2675 τήν
1425 2614 1499 2678 ευμ-

372 2839 392 2902 ²)
410 2837 485 2890 idem
503 2837 709 2905 grammaticus,
728 2838 759 2889 ut
776 2837 991 2905 praetermittam
1008 2835 1131 2890 inaniora
1149 2835 1205 2889 eius
1224 2837 1396 2903 argumenta,
1421 2851 1499 2890 snam
1601 2857 1602 2892 ι

269 2922 421 2991 opinionem
447 2919 768 2990 confirmaturus'p.144
794 2915 920 2991 exemplis
947 2921 1081 2991 congestis
1106 2935 1168 2976 voce
1195 2923 1353 2988 τιμήματος
1378 2923 1500 2992 pretium

267 3010 379 3074 tantum
402 3007 517 3062 ahcuius
540 3007 579 3062 rei
602 3005 751 3076 significari
774 3020 849 3076 posse
867 3008 1048 3062 demonstrare
1072 3007 1164 3066 studet
1188 3023 1217 3062 ae
1239 3007 1361 3077 neglegit
1383 3008 1413 3061 in
1430 3021 1500 3061 una

185 3115 188 3122 ·
268 3111 373 3163 quaque
391 3094 489 3163 lingua
507 3095 603 3162 verbis,
622 3105 737 3162 querum
754 3096 828 3149 notio
846 3095 914 3148 alias
932 3094 1040 3164 longine
1057 3096 1148 3163 patet·
1158 3095 1183 3152 ¹si
1195 3095 1224 3148 in
1238 3093 1318 3148 certis
1336 3093 1500 3162 quibusdam

269 3180 373 3236 artibus
391 3179 579 3246 adhibeantur,
598 3179 653 3234 vim
671 3179 757 3256 subici
775 3179 918 3250 angustius
938 3179 1078 3244 valentem,
1095 3181 1212 3248 itemque
1230 3197 1287 3234 rem
1305 3195 1332 3234 se
1349 3179 1446 3233 habere
1465 3179 1500 3233 de
1524 3187 1528 3193 ·
1601 3205 1602 3216 ι

268 3264 395 3320 vocabulo
413 3265 585 3334 τιμήματοτ;
604 3265 711 3332 τίμημα
730 3266 801 3321 enirn
813 3271 854 3321 est
869 3281 989 3323 asumma
1007 3268 1165 3322 aestimatae
1174 3284 1181 3328 ;
1198 3281 1266 3334 quae
1277 3281 1319 3319 res
1332 3265 1501 3333 aestimetur,

269 3350 442 3405 substantivo
460 3351 567 3405 demum
585 3351 689 3406 adiecto
705 3346 801 3421 liquet,
819 3351 996 3406 Athenienses
1014 3355 1118 3416 autem,
1136 3352 1159 3405 si
1178 3350 1210 3405 de
1227 3351 1305 3405 rebus
1323 3351 1502 3420 loquerentur

267 3436 448 3490 adtributum
467 3437 658 3506 spectantibus,
668 3433 705 3491 'ln
718 3437 798 3492 verbo
817 3439 974 3504 τιμήματα(
992 3439 1095 3506 partem
1110 3438 1148 3491 rai
1159 3435 1304 3490 familiaris
1322 3436 1502 3504 subandiiese,

269 3538 350 3591 quam
368 3525 479 3592 quisque
491 3523 525 3578 ad
536 3524 715 3594 magistratus
732 3525 875 3589 detenebat,
894 3525 1050 3595 quaestione
1063 3524 1141 3578 modo
1154 3524 1285 3578 instituta
1302 3525 1500 3580 demonstrasse

266 3609 337 3664 mihi
354 3608 455 3664 uidcor.
486 3609 589 3678 Restat,
608 3614 639 3664 ut
657 3622 858 3666 commemorem
874 3612 957 3665 etiam
974 3609 1035 3680 hys.
1053 3609 1129 3672 XIX,
1148 3610 1196 3674 48,
1214 3625 1293 3678 quem
1309 3611 1397 3664 locum
1414 3609 1503 3664 Froh·

269 3694 396 3764 bergerus
414 3695 530 3750 aliorum
547 3696 712 3750 coniecturas
730 3697 867 3764 amplexus
885 3696 937 3766 [ed.
951 3697 1002 3750 vol.
1015 3695 1057 3750 ΙΙΙ
1074 3712 1098 3764 p.
1111 3695 1174 3764 205]
1192 3695 1239 3763 ita,
1258 3696 1329 3764 quod
1345 3695 1501 3750 adsensum

269 3779 377 3850 quidem
396 3781 506 3848 attinet,
524 3783 594 3834 recte
612 3779 747 3835 restituit:
767 3781 902 3837 ιΚαλλίατ
920 3781 1018 3836 τοίνυν
1037 3781 1231 3845 ὁἹππονίκου,
1251 3783 1300 3836 ὅτε
1319 3785 1421 3836 verneti
1438 3782 1500 3836 ἐτε-

267 3868 363 3934 θνήκει
382 3867 397 3920 ὁ
416 3869 525 3935 πατήρ,
547 3871 668 3921 πλεῖττα·
682 3873 741 3922 τῶν
761 3865 902 3934 Ἑλλήνων
920 3870 1012 3924 ἐδόκει
1030 3866 1180 3932 κεκτῆτθαι
1198 3871 1258 3933 καὶ,
1278 3869 1317 3921 ὥ(
1336 3884 1416 3934 φατι,
1438 3867 1500 3920 δια-

266 3953 369 4007 recturo
388 3953 541 4006 ταλάντων
560 3953 712 4019 ἐτιμήτατο
728 3955 766 4007 τὰ
786 3955 876 4008 αὑτοῦ
895 3955 911 4007 ὁ
929 3955 1060 4009 πάππου
1088 3955 1188 4008 τὸ·δέ
1213 3955 1345 4007 τούτου
1369 3957 1432 4008 νῦν
1451 3953 1500 4005 ri·

267 4054 359 4105 μημα
395 4038 479 4106 etot
516 4039 618 4092 δυοῖν
653 4040 850 4094 ταλάντοιν
885 4040 997 4094 scaro
1028 4055 1119 4094 rocem
1150 4039 1307 4105 τιμήματα(
1337 4038 1500 4108 augustiore
1601 4073 1602 4078 κ

264 4123 374 4178 notione
398 4123 483 4192 accipi
505 4138 581 4192 posse
604 4123 765 4192 minimeque
788 4124 838 4180 hac
862 4125 1084 4194 interpretatione
1102 4125 1214 4193 probata
1232 4128 1365 4180 oratorem
1382 4124 1436 4179 fine
1453 4141 1501 4178 ex·

263 4208 396 4263 uidentem
409 4225 456 4263 nos
468 4210 562 4274 facere,
581 4210 679 4278 quippe
698 4226 760 4264 curn
773 4211 824 4264 hac
840 4214 929 4264 aetate
947 4211 1056 4280 propius
1074 4227 1154 4279 quam
1172 4196 1313 4266 Nausinici
1331 4210 1499 4280 temporibus

263 4309 358 4348 causus
381 4295 521 4348 accesserit
544 4295 578 4348 ad
601 4293 740 4364 integrum
762 4297 801 4350 rei
825 4296 967 4350 familiaris
986 4298 1102 4365 pretium
1121 4297 1165 4364 (cf.
1184 4297 1299 4352 Boseth.
1318 4298 1337 4351 l.
1357 4313 1378 4350 e.
1396 4295 1417 4362 1,
1437 4297 1501 4361 656,

263 4380 326 4448 674)
347 4381 440 4448 iteque
457 4379 601 4449 Hipponici
624 4381 770 4436 facultates
794 4384 937 4452 perexigua
960 4399 1021 4451 pars
1041 4383 1215 4438 ducentorum
1233 4385 1367 4438 talentum
1385 4382 1506 4448 luerint,

262 4480 335 4532 quae
353 4464 454 4520 Callias
471 4468 620 4535 possedisse
637 4471 795 4538 putabatur.
