<?xml version="1.0" encoding="UTF-8"?>
<!DOCTYPE html PUBLIC "-//W3C//DTD XHTML 1.0 Transitional//EN"
    "http://www.w3.org/TR/xhtml1/DTD/xhtml1-transitional.dtd">
<html xmlns="http://www.w3.org/1999/xhtml" xml:lang="en" lang="en">
 <head>
  <title>
</title>
<meta http-equiv="Content-Type" content="text/html;charset=utf-8" />
  <meta name='ocr-system' content='tesseract 3.04.00' />
  <meta name='ocr-capabilities' content='ocr_page ocr_carea ocr_par ocr_line ocrx_word'/>
</head>
<body>
  <div class='ocr_page' id='page_1' title='image "./deciviumathenie00thumgoog_0112.png"; bbox 0 0 3194 5060; ppageno 0'>
   <div class='ocr_carea' id='block_1_1' title="bbox 629 283 835 348">
    <p class='ocr_par' dir='ltr' id='par_1_1' title="bbox 629 283 835 348">
     <span class='ocr_line' id='line_1_1' title="bbox 629 283 835 348; baseline -0.01 -18"><span class='ocrx_word' id='word_1_1' title='bbox 629 283 835 348; x_wconf 66' lang='grc'>..97-</span> 
     </span>
    </p>
   </div>
   <div class='ocr_carea' id='block_1_2' title="bbox 119 469 1341 657">
    <p class='ocr_par' dir='ltr' id='par_1_2' title="bbox 119 469 1341 657">
     <span class='ocr_line' id='line_1_2' title="bbox 120 469 1341 559; baseline 0.008 -27"><span class='ocrx_word' id='word_1_2' title='bbox 120 469 301 534; x_wconf 73' lang='lat' dir='ltr'>triremibus</span> <span class='ocrx_word' id='word_1_3' title='bbox 324 471 514 551; x_wconf 82' lang='lat' dir='ltr'>certabatm,</span> <span class='ocrx_word' id='word_1_4' title='bbox 545 471 631 536; x_wconf 90' lang='lat' dir='ltr'>cuius</span> <span class='ocrx_word' id='word_1_5' title='bbox 653 471 791 537; x_wconf 90' lang='lat' dir='ltr'>muneris</span> <span class='ocrx_word' id='word_1_6' title='bbox 809 471 953 554; x_wconf 86' lang='lat' dir='ltr'>impenso</span> <span class='ocrx_word' id='word_1_7' title='bbox 976 473 1084 556; x_wconf 82' lang='lat' dir='ltr'>Lysiae</span> <span class='ocrx_word' id='word_1_8' title='bbox 1105 475 1228 554; x_wconf 78' lang='lat' dir='ltr'>XXLb</span> <span class='ocrx_word' id='word_1_9' title='bbox 1250 478 1341 559; x_wconf 89' lang='lat' dir='ltr'>quin-</span> 
     </span>
     <span class='ocr_line' id='line_1_3' title="bbox 119 572 635 657; baseline 0.004 -20"><span class='ocrx_word' id='word_1_10' title='bbox 119 572 218 637; x_wconf 88' lang='lat' dir='ltr'>decim</span> <span class='ocrx_word' id='word_1_11' title='bbox 242 573 336 638; x_wconf 91' lang='lat' dir='ltr'>minis</span> <span class='ocrx_word' id='word_1_12' title='bbox 358 574 523 638; x_wconf 82' lang='lat' dir='ltr'>aestimata</span> <span class='ocrx_word' id='word_1_13' title='bbox 545 579 593 639; x_wconf 89' lang='lat' dir='ltr'>est</span> <span class='ocrx_word' id='word_1_14' title='bbox 613 577 635 657; x_wconf 74' lang='lat' dir='ltr'>J.</span> 
     </span>
    </p>
   </div>
   <div class='ocr_carea' id='block_1_3' title="bbox 222 674 1342 768">
    <p class='ocr_par' dir='ltr' id='par_1_3' title="bbox 222 674 1342 768">
     <span class='ocr_line' id='line_1_4' title="bbox 222 674 1342 768; baseline 0.013 -29"><span class='ocrx_word' id='word_1_15' title='bbox 222 674 440 758; x_wconf 82' lang='lat' dir='ltr'>Compluribus</span> <span class='ocrx_word' id='word_1_16' title='bbox 463 679 558 758; x_wconf 84' lang='lat' dir='ltr'>feriis,</span> <span class='ocrx_word' id='word_1_17' title='bbox 581 681 668 744; x_wconf 88' lang='lat' dir='ltr'>velut</span> <span class='ocrx_word' id='word_1_18' title='bbox 683 679 941 763; x_wconf 68' lang='lat' dir='ltr'>Pnnahonaeisb</span> <span class='ocrx_word' id='word_1_19' title='bbox 965 685 997 748; x_wconf 92' lang='lat' dir='ltr'>et</span> <span class='ocrx_word' id='word_1_20' title='bbox 1013 681 1194 767; x_wconf 80' lang='lat' dir='ltr'>(posteriore</span> <span class='ocrx_word' id='word_1_21' title='bbox 1217 686 1342 768; x_wconf 88' lang='lat' dir='ltr'>quidem</span> 
     </span>
    </p>
   </div>
   <div class='ocr_carea' id='block_1_4' title="bbox 115 780 1342 870">
    <p class='ocr_par' dir='ltr' id='par_1_4' title="bbox 115 780 1342 870">
     <span class='ocr_line' id='line_1_5' title="bbox 115 780 1342 870; baseline 0.01 -27"><span class='ocrx_word' id='word_1_22' title='bbox 115 780 234 863; x_wconf 86' lang='lat' dir='ltr'>aetate)</span> <span class='ocrx_word' id='word_1_23' title='bbox 264 780 391 846; x_wconf 79' lang='lat' dir='ltr'>Theseis</span> <span class='ocrx_word' id='word_1_24' title='bbox 422 784 594 848; x_wconf 82' lang='lat' dir='ltr'>certsmina</span> <span class='ocrx_word' id='word_1_25' title='bbox 621 784 736 849; x_wconf 82' lang='lat' dir='ltr'>fiebunt</span> <span class='ocrx_word' id='word_1_26' title='bbox 763 784 980 870; x_wconf 54' lang='grc' dir='ltr'>εὐανορίαεθ),</span> <span class='ocrx_word' id='word_1_27' title='bbox 1016 806 1109 868; x_wconf 89' lang='lat' dir='ltr'>quam</span> <span class='ocrx_word' id='word_1_28' title='bbox 1138 788 1272 870; x_wconf 89' lang='lat' dir='ltr'>optime,</span> <span class='ocrx_word' id='word_1_29' title='bbox 1307 797 1342 855; x_wconf 90' lang='lat' dir='ltr'>ut</span> 
     </span>
    </p>
   </div>
   <div class='ocr_carea' id='block_1_5' title="bbox 13 883 1343 974">
    <p class='ocr_par' dir='ltr' id='par_1_5' title="bbox 13 883 1343 974">
     <span class='ocr_line' id='line_1_6' title="bbox 13 883 1343 974; baseline 0.01 -29"><span class='ocrx_word' id='word_1_30' title='bbox 13 925 14 934; x_wconf 35' lang='grc' dir='ltr'>ι</span> <span class='ocrx_word' id='word_1_31' title='bbox 117 883 209 964; x_wconf 91' lang='lat' dir='ltr'>puto,</span> <span class='ocrx_word' id='word_1_32' title='bbox 243 883 414 968; x_wconf 76' lang='lat' dir='ltr'>Hesychius</span> <span class='ocrx_word' id='word_1_33' title='bbox 439 885 472 974; x_wconf 81' lang='grc' dir='ltr'>[Ε</span> <span class='ocrx_word' id='word_1_34' title='bbox 495 883 589 972; x_wconf 77' lang='grc'><strong>6712]</strong></span> <span class='ocrx_word' id='word_1_35' title='bbox 615 889 711 965; x_wconf 86' lang='grc' dir='ltr'>καλὴν</span> <span class='ocrx_word' id='word_1_36' title='bbox 734 887 819 966; x_wconf 78' lang='grc' dir='ltr'>ἰεχύν</span> <span class='ocrx_word' id='word_1_37' title='bbox 841 887 1047 974; x_wconf 83' lang='lat' dir='ltr'>intellexit⁴);</span> <span class='ocrx_word' id='word_1_38' title='bbox 1078 907 1240 972; x_wconf 87' lang='lat' dir='ltr'>quaeres,</span> <span class='ocrx_word' id='word_1_39' title='bbox 1271 911 1343 958; x_wconf 91' lang='lat' dir='ltr'>oum</span> 
     </span>
    </p>
   </div>
   <div class='ocr_carea' id='block_1_6' title="bbox 13 987 1343 1696">
    <p class='ocr_par' dir='ltr' id='par_1_6' title="bbox 13 987 1343 1696">
     <span class='ocr_line' id='line_1_7' title="bbox 116 987 1343 1074; baseline 0.007 -24"><span class='ocrx_word' id='word_1_40' title='bbox 116 987 217 1051; x_wconf 86' lang='lat' dir='ltr'>adhue</span> <span class='ocrx_word' id='word_1_41' title='bbox 246 987 404 1052; x_wconf 90' lang='lat' dir='ltr'>obscurior</span> <span class='ocrx_word' id='word_1_42' title='bbox 427 989 521 1053; x_wconf 80' lang='lat' dir='ltr'>tuerit</span> <span class='ocrx_word' id='word_1_43' title='bbox 544 1008 579 1054; x_wconf 91' lang='lat' dir='ltr'>ac</span> <span class='ocrx_word' id='word_1_44' title='bbox 600 989 709 1068; x_wconf 88' lang='lat' dir='ltr'>dubia,</span> <span class='ocrx_word' id='word_1_45' title='bbox 744 990 1015 1071; x_wconf 86' lang='lat' dir='ltr'>inscriptionibus,</span> <span class='ocrx_word' id='word_1_46' title='bbox 1049 1011 1126 1074; x_wconf 91' lang='lat' dir='ltr'>quae</span> <span class='ocrx_word' id='word_1_47' title='bbox 1147 1012 1166 1058; x_wconf 88' lang='lat' dir='ltr'>a</span> <span class='ocrx_word' id='word_1_48' title='bbox 1187 993 1343 1060; x_wconf 85' lang='lat' dir='ltr'>Kochlero</span> 
     </span>
     <span class='ocr_line' id='line_1_8' title="bbox 118 1087 1342 1177; baseline 0.008 -26"><span class='ocrx_word' id='word_1_49' title='bbox 118 1087 148 1152; x_wconf 81' lang='lat' dir='ltr'>b.</span> <span class='ocrx_word' id='word_1_50' title='bbox 172 1089 199 1154; x_wconf 91' lang='lat' dir='ltr'>I.</span> <span class='ocrx_word' id='word_1_51' title='bbox 225 1089 265 1154; x_wconf 84' lang='lat' dir='ltr'>A.</span> <span class='ocrx_word' id='word_1_52' title='bbox 289 1091 332 1170; x_wconf 89' lang='lat'>11,</span> <span class='ocrx_word' id='word_1_53' title='bbox 355 1091 524 1156; x_wconf 79' lang='lat'>444-448</span> <span class='ocrx_word' id='word_1_54' title='bbox 556 1091 656 1158; x_wconf 88' lang='lat' dir='ltr'>editae</span> <span class='ocrx_word' id='word_1_55' title='bbox 687 1093 815 1156; x_wconf 87' lang='lat' dir='ltr'>suntet</span> <span class='ocrx_word' id='word_1_56' title='bbox 836 1094 875 1156; x_wconf 88' lang='lat' dir='ltr'>ad</span> <span class='ocrx_word' id='word_1_57' title='bbox 906 1094 995 1158; x_wconf 89' lang='lat' dir='ltr'>ludos</span> <span class='ocrx_word' id='word_1_58' title='bbox 1018 1094 1151 1158; x_wconf 80' lang='lat' dir='ltr'>Theseos</span> <span class='ocrx_word' id='word_1_59' title='bbox 1174 1096 1342 1177; x_wconf 77' lang='lat' dir='ltr'>pertinent,</span> 
     </span>
     <span class='ocr_line' id='line_1_9' title="bbox 13 1192 1343 1290; baseline 0.01 -38"><span class='ocrx_word' id='word_1_60' title='bbox 13 1271 15 1290; x_wconf 79' lang='lat'>.</span> <span class='ocrx_word' id='word_1_61' title='bbox 117 1192 178 1256; x_wconf 88' lang='lat' dir='ltr'>iam</span> <span class='ocrx_word' id='word_1_62' title='bbox 202 1193 391 1259; x_wconf 88' lang='lat' dir='ltr'>inlustratur</span> <span class='ocrx_word' id='word_1_63' title='bbox 413 1196 505 1277; x_wconf 88' lang='lat' dir='ltr'>atque</span> <span class='ocrx_word' id='word_1_64' title='bbox 527 1195 719 1276; x_wconf 81' lang='lat' dir='ltr'>explanatur.</span> <span class='ocrx_word' id='word_1_65' title='bbox 748 1193 826 1260; x_wconf 82' lang='lat' dir='ltr'>Cum</span> <span class='ocrx_word' id='word_1_66' title='bbox 850 1195 933 1260; x_wconf 87' lang='lat' dir='ltr'>enim</span> <span class='ocrx_word' id='word_1_67' title='bbox 955 1196 1091 1262; x_wconf 87' lang='lat' dir='ltr'>Meierus</span> <span class='ocrx_word' id='word_1_68' title='bbox 1114 1197 1195 1262; x_wconf 85' lang='lat' dir='ltr'>viro&#39;s</span> <span class='ocrx_word' id='word_1_69' title='bbox 1219 1200 1343 1265; x_wconf 85' lang='lat' dir='ltr'>tantum</span> 
     </span>
     <span class='ocr_line' id='line_1_10' title="bbox 116 1295 1340 1382; baseline 0.009 -26"><span class='ocrx_word' id='word_1_70' title='bbox 116 1295 281 1361; x_wconf 79' lang='lat' dir='ltr'>interfuise</span> <span class='ocrx_word' id='word_1_71' title='bbox 310 1297 375 1362; x_wconf 88' lang='lat' dir='ltr'>iilis</span> <span class='ocrx_word' id='word_1_72' title='bbox 403 1298 625 1363; x_wconf 82' lang='lat' dir='ltr'>certaminibus</span> <span class='ocrx_word' id='word_1_73' title='bbox 656 1299 883 1374; x_wconf 80' lang='lat' dir='ltr'>contendisset,</span> <span class='ocrx_word' id='word_1_74' title='bbox 919 1298 1085 1382; x_wconf 84' lang='lat' dir='ltr'>Sauppius,</span> <span class='ocrx_word' id='word_1_75' title='bbox 1123 1301 1238 1367; x_wconf 86' lang='lat' dir='ltr'>Valesii</span> <span class='ocrx_word' id='word_1_76' title='bbox 1269 1321 1340 1368; x_wconf 90' lang='lat' dir='ltr'>con-</span> 
     </span>
     <span class='ocr_line' id='line_1_11' title="bbox 116 1399 1343 1489; baseline 0.007 -27"><span class='ocrx_word' id='word_1_77' title='bbox 116 1399 271 1464; x_wconf 86' lang='lat' dir='ltr'>iecturam</span> <span class='ocrx_word' id='word_1_78' title='bbox 299 1402 414 1483; x_wconf 89' lang='lat' dir='ltr'>partim</span> <span class='ocrx_word' id='word_1_79' title='bbox 443 1402 646 1485; x_wconf 81' lang='lat' dir='ltr'>probaturus,</span> <span class='ocrx_word' id='word_1_80' title='bbox 676 1402 772 1466; x_wconf 84' lang='lat' dir='ltr'>etiam</span> <span class='ocrx_word' id='word_1_81' title='bbox 796 1401 836 1466; x_wconf 88' lang='lat' dir='ltr'>ad</span> <span class='ocrx_word' id='word_1_82' title='bbox 857 1419 944 1466; x_wconf 85' lang='lat' dir='ltr'>aenas</span> <span class='ocrx_word' id='word_1_83' title='bbox 967 1402 1221 1489; x_wconf 82' lang='grc' dir='ltr'>(θαλλοφόρουι)</span> <span class='ocrx_word' id='word_1_84' title='bbox 1250 1405 1343 1487; x_wconf 84' lang='lat' dir='ltr'>etque</span> 
     </span>
     <span class='ocr_line' id='line_1_12' title="bbox 117 1505 1341 1590; baseline 0.006 -24"><span class='ocrx_word' id='word_1_85' title='bbox 117 1505 155 1567; x_wconf 86' lang='lat' dir='ltr'>ad</span> <span class='ocrx_word' id='word_1_86' title='bbox 178 1521 291 1585; x_wconf 88' lang='lat' dir='ltr'>pueros</span> <span class='ocrx_word' id='word_1_87' title='bbox 313 1523 349 1569; x_wconf 89' lang='lat' dir='ltr'>ea</span> <span class='ocrx_word' id='word_1_88' title='bbox 370 1505 587 1588; x_wconf 88' lang='lat' dir='ltr'>pertinuisse⁵)</span> <span class='ocrx_word' id='word_1_89' title='bbox 622 1505 834 1569; x_wconf 86' lang='lat' dir='ltr'>demonstrare</span> <span class='ocrx_word' id='word_1_90' title='bbox 869 1510 997 1570; x_wconf 88' lang='lat' dir='ltr'>conatus</span> <span class='ocrx_word' id='word_1_91' title='bbox 1021 1507 1082 1585; x_wconf 89' lang='lat' dir='ltr'>est,</span> <span class='ocrx_word' id='word_1_92' title='bbox 1105 1525 1200 1589; x_wconf 87' lang='lat' dir='ltr'>quem</span> <span class='ocrx_word' id='word_1_93' title='bbox 1223 1509 1341 1590; x_wconf 91' lang='lat' dir='ltr'>opinio-</span> 
     </span>
     <span class='ocr_line' id='line_1_13' title="bbox 116 1605 1341 1696; baseline 0.005 -26"><span class='ocrx_word' id='word_1_94' title='bbox 116 1625 183 1671; x_wconf 90' lang='lat' dir='ltr'>nem</span> <span class='ocrx_word' id='word_1_95' title='bbox 209 1625 245 1671; x_wconf 91' lang='lat' dir='ltr'>eo</span> <span class='ocrx_word' id='word_1_96' title='bbox 270 1607 460 1672; x_wconf 83' lang='lat' dir='ltr'>existimavit</span> <span class='ocrx_word' id='word_1_97' title='bbox 487 1605 679 1686; x_wconf 81' lang='lat' dir='ltr'>confirmari,</span> <span class='ocrx_word' id='word_1_98' title='bbox 715 1611 795 1689; x_wconf 88' lang='lat' dir='ltr'>quod</span> <span class='ocrx_word' id='word_1_99' title='bbox 816 1608 850 1672; x_wconf 86' lang='lat' dir='ltr'>in</span> <span class='ocrx_word' id='word_1_100' title='bbox 872 1607 1088 1692; x_wconf 84' lang='lat' dir='ltr'>inscriptione,</span> <span class='ocrx_word' id='word_1_101' title='bbox 1123 1611 1243 1692; x_wconf 81' lang='lat' dir='ltr'>deque</span> <span class='ocrx_word' id='word_1_102' title='bbox 1267 1612 1341 1696; x_wconf 86' lang='lat' dir='ltr'>egit,</span> 
     </span>
    </p>
   </div>
   <div class='ocr_carea' id='block_1_7' title="bbox 13 1711 619 1794">
    <p class='ocr_par' dir='ltr' id='par_1_7' title="bbox 13 1711 619 1794">
     <span class='ocr_line' id='line_1_14' title="bbox 13 1711 619 1794; baseline 0.003 -22"><span class='ocrx_word' id='word_1_103' title='bbox 13 1769 15 1794; x_wconf 64' lang='lat'>,</span> <span class='ocrx_word' id='word_1_104' title='bbox 116 1712 343 1790; x_wconf 85' lang='lat' dir='ltr'>panathenaioa</span> <span class='ocrx_word' id='word_1_105' title='bbox 364 1711 502 1794; x_wconf 88' lang='lat' dir='ltr'>positum</span> <span class='ocrx_word' id='word_1_106' title='bbox 524 1715 619 1776; x_wconf 89' lang='lat' dir='ltr'>esset:</span> 
     </span>
    </p>
   </div>
   <div class='ocr_carea' id='block_1_8' title="bbox 113 1815 1340 3032">
    <p class='ocr_par' dir='ltr' id='par_1_8' title="bbox 526 1815 946 2104">
     <span class='ocr_line' id='line_1_15' title="bbox 526 1815 676 1898; baseline -0.013 -18"><span class='ocrx_word' id='word_1_107' title='bbox 526 1815 676 1898; x_wconf 75' lang='grc' dir='ltr'>εὐανδρίᾳ</span> 
     </span>
     <span class='ocr_line' id='line_1_16' title="bbox 528 1917 847 2001; baseline 0 -20"><span class='ocrx_word' id='word_1_108' title='bbox 528 1921 612 1999; x_wconf 87' lang='grc' dir='ltr'>φυλῇ</span> <span class='ocrx_word' id='word_1_109' title='bbox 635 1917 748 2001; x_wconf 75' lang='grc' dir='ltr'>νικώεῃ</span> <span class='ocrx_word' id='word_1_110' title='bbox 772 1921 847 1996; x_wconf 79' lang='grc' dir='ltr'>βούι</span> 
     </span>
     <span class='ocr_line' id='line_1_17' title="bbox 528 2021 946 2104; baseline -0.005 -18"><span class='ocrx_word' id='word_1_111' title='bbox 528 2024 661 2103; x_wconf 82' lang='grc' dir='ltr'>Ηφυλῇ</span> <span class='ocrx_word' id='word_1_112' title='bbox 684 2021 796 2104; x_wconf 75' lang='grc' dir='ltr'>νιιιιύιῃ</span> <span class='ocrx_word' id='word_1_113' title='bbox 820 2025 905 2100; x_wconf 84' lang='grc' dir='ltr'>βούι.</span> <span class='ocrx_word' id='word_1_114' title='bbox 942 2064 946 2074; x_wconf 77' lang='lat'>,</span> 
     </span>
    </p>

    <p class='ocr_par' dir='ltr' id='par_1_9' title="bbox 113 2123 1340 2726">
     <span class='ocr_line' id='line_1_18' title="bbox 213 2123 1339 2206; baseline 0.001 -16"><span class='ocrx_word' id='word_1_115' title='bbox 213 2123 287 2205; x_wconf 87' lang='lat' dir='ltr'>Sed,</span> <span class='ocrx_word' id='word_1_116' title='bbox 313 2126 348 2187; x_wconf 89' lang='lat' dir='ltr'>ut</span> <span class='ocrx_word' id='word_1_117' title='bbox 364 2141 400 2188; x_wconf 84' lang='lat' dir='ltr'>ex</span> <span class='ocrx_word' id='word_1_118' title='bbox 416 2123 483 2188; x_wconf 90' lang='lat' dir='ltr'>cius</span> <span class='ocrx_word' id='word_1_119' title='bbox 501 2123 598 2206; x_wconf 88' lang='lat' dir='ltr'>ipsius</span> <span class='ocrx_word' id='word_1_120' title='bbox 614 2123 775 2204; x_wconf 85' lang='lat' dir='ltr'>sententia,</span> <span class='ocrx_word' id='word_1_121' title='bbox 801 2141 872 2188; x_wconf 89' lang='lat' dir='ltr'>curn</span> <span class='ocrx_word' id='word_1_122' title='bbox 888 2126 919 2186; x_wconf 91' lang='lat' dir='ltr'>et</span> <span class='ocrx_word' id='word_1_123' title='bbox 934 2141 1044 2204; x_wconf 90' lang='lat' dir='ltr'>pueros</span> <span class='ocrx_word' id='word_1_124' title='bbox 1061 2125 1092 2188; x_wconf 92' lang='lat' dir='ltr'>ct</span> <span class='ocrx_word' id='word_1_125' title='bbox 1107 2125 1189 2190; x_wconf 86' lang='lat' dir='ltr'>viros</span> <span class='ocrx_word' id='word_1_126' title='bbox 1205 2129 1237 2190; x_wconf 90' lang='lat' dir='ltr'>et</span> <span class='ocrx_word' id='word_1_127' title='bbox 1253 2145 1339 2192; x_wconf 91' lang='lat' dir='ltr'>senes</span> 
     </span>
     <span class='ocr_line' id='line_1_19' title="bbox 115 2226 1340 2308; baseline 0.005 -19"><span class='ocrx_word' id='word_1_128' title='bbox 115 2227 266 2292; x_wconf 83' lang='lat' dir='ltr'>statuerit</span> <span class='ocrx_word' id='word_1_129' title='bbox 286 2227 321 2291; x_wconf 91' lang='lat' dir='ltr'>in</span> <span class='ocrx_word' id='word_1_130' title='bbox 343 2226 408 2291; x_wconf 93' lang='lat' dir='ltr'>illis</span> <span class='ocrx_word' id='word_1_131' title='bbox 429 2226 512 2290; x_wconf 90' lang='lat' dir='ltr'>ludis</span> <span class='ocrx_word' id='word_1_132' title='bbox 534 2228 713 2305; x_wconf 76' lang='lat' dir='ltr'>certavisse,</span> <span class='ocrx_word' id='word_1_133' title='bbox 743 2229 782 2291; x_wconf 88' lang='lat' dir='ltr'>de</span> <span class='ocrx_word' id='word_1_134' title='bbox 804 2226 900 2290; x_wconf 88' lang='lat' dir='ltr'>trium</span> <span class='ocrx_word' id='word_1_135' title='bbox 922 2226 1062 2291; x_wconf 89' lang='lat' dir='ltr'>tribuum</span> <span class='ocrx_word' id='word_1_136' title='bbox 1082 2227 1231 2308; x_wconf 88' lang='lat' dir='ltr'>praemiis</span> <span class='ocrx_word' id='word_1_137' title='bbox 1254 2247 1340 2295; x_wconf 89' lang='lat' dir='ltr'>mou·</span> 
     </span>
     <span class='ocr_line' id='line_1_20' title="bbox 114 2329 1338 2412; baseline 0.003 -19"><span class='ocrx_word' id='word_1_138' title='bbox 114 2332 235 2397; x_wconf 88' lang='lat' dir='ltr'>tionem</span> <span class='ocrx_word' id='word_1_139' title='bbox 257 2330 325 2395; x_wconf 90' lang='lat' dir='ltr'>fieri</span> <span class='ocrx_word' id='word_1_140' title='bbox 346 2348 408 2394; x_wconf 88' lang='lat' dir='ltr'>nos.</span> <span class='ocrx_word' id='word_1_141' title='bbox 424 2332 599 2412; x_wconf 80' lang='lat' dir='ltr'>exspectare</span> <span class='ocrx_word' id='word_1_142' title='bbox 622 2331 776 2408; x_wconf 85' lang='lat' dir='ltr'>omittam,</span> <span class='ocrx_word' id='word_1_143' title='bbox 800 2329 914 2408; x_wconf 89' lang='lat' dir='ltr'>titulis,</span> <span class='ocrx_word' id='word_1_144' title='bbox 938 2347 1012 2411; x_wconf 89' lang='lat' dir='ltr'>quos</span> <span class='ocrx_word' id='word_1_145' title='bbox 1035 2329 1137 2408; x_wconf 86' lang='lat' dir='ltr'>attuli,</span> <span class='ocrx_word' id='word_1_146' title='bbox 1163 2332 1338 2397; x_wconf 82' lang='lat' dir='ltr'>accuratius</span> 
     </span>
     <span class='ocr_line' id='line_1_21' title="bbox 113 2431 1340 2518; baseline -0.002 -18"><span class='ocrx_word' id='word_1_147' title='bbox 113 2436 276 2518; x_wconf 87' lang='lat' dir='ltr'>perpensis</span> <span class='ocrx_word' id='word_1_148' title='bbox 300 2434 416 2513; x_wconf 87' lang='lat' dir='ltr'>verior,</span> <span class='ocrx_word' id='word_1_149' title='bbox 451 2434 531 2517; x_wconf 90' lang='lat' dir='ltr'>quod</span> <span class='ocrx_word' id='word_1_150' title='bbox 555 2435 697 2516; x_wconf 90' lang='lat' dir='ltr'>equidem</span> <span class='ocrx_word' id='word_1_151' title='bbox 720 2449 918 2518; x_wconf 85' lang='lat' dir='ltr'>cognoscam,</span> <span class='ocrx_word' id='word_1_152' title='bbox 954 2451 1025 2498; x_wconf 92' lang='lat' dir='ltr'>cum</span> <span class='ocrx_word' id='word_1_153' title='bbox 1049 2431 1139 2498; x_wconf 89' lang='lat' dir='ltr'>huius</span> <span class='ocrx_word' id='word_1_154' title='bbox 1161 2434 1236 2514; x_wconf 90' lang='lat' dir='ltr'>loci,</span> <span class='ocrx_word' id='word_1_155' title='bbox 1272 2438 1340 2498; x_wconf 89' lang='lat' dir='ltr'>tum</span> 
     </span>
     <span class='ocr_line' id='line_1_22' title="bbox 115 2535 1340 2619; baseline 0.002 -18"><span class='ocrx_word' id='word_1_156' title='bbox 115 2541 209 2604; x_wconf 86' lang='lat' dir='ltr'>totins</span> <span class='ocrx_word' id='word_1_157' title='bbox 240 2539 287 2604; x_wconf 87' lang='lat' dir='ltr'>rei</span> <span class='ocrx_word' id='word_1_158' title='bbox 314 2536 489 2602; x_wconf 83' lang='lat' dir='ltr'>invenietur</span> <span class='ocrx_word' id='word_1_159' title='bbox 518 2536 688 2618; x_wconf 82' lang='lat' dir='ltr'>explicatio.</span> <span class='ocrx_word' id='word_1_160' title='bbox 726 2537 872 2619; x_wconf 80' lang='lat' dir='ltr'>Legimus</span> <span class='ocrx_word' id='word_1_161' title='bbox 895 2535 928 2601; x_wconf 86' lang='grc' dir='ltr'>(λ</span> <span class='ocrx_word' id='word_1_162' title='bbox 952 2537 977 2600; x_wconf 92' lang='grc' dir='ltr'>Ι.</span> <span class='ocrx_word' id='word_1_163' title='bbox 1002 2537 1041 2602; x_wconf 84' lang='grc' dir='ltr'>Α.</span> <span class='ocrx_word' id='word_1_164' title='bbox 1065 2535 1115 2614; x_wconf 90' lang='lat' dir='ltr'>II,</span> <span class='ocrx_word' id='word_1_165' title='bbox 1135 2536 1200 2603; x_wconf 83' lang='grc'>446</span> <span class='ocrx_word' id='word_1_166' title='bbox 1226 2538 1285 2603; x_wconf 90' lang='lat' dir='ltr'>col.</span> <span class='ocrx_word' id='word_1_167' title='bbox 1309 2559 1340 2617; x_wconf 84' lang='lat' dir='ltr'>c,</span> 
     </span>
     <span class='ocr_line' id='line_1_23' title="bbox 116 2643 263 2726; baseline 0 -19"><span class='ocrx_word' id='word_1_168' title='bbox 116 2643 156 2706; x_wconf 85' lang='grc'>44</span> <span class='ocrx_word' id='word_1_169' title='bbox 178 2662 263 2726; x_wconf 87' lang='lat' dir='ltr'>sqq.:</span> 
     </span>
    </p>

    <p class='ocr_par' dir='ltr' id='par_1_10' title="bbox 270 2741 1066 3032">
     <span class='ocr_line' id='line_1_24' title="bbox 473 2741 1066 2825; baseline -0.002 -19"><span class='ocrx_word' id='word_1_170' title='bbox 473 2747 548 2807; x_wconf 86' lang='grc' dir='ltr'>τῶν</span> <span class='ocrx_word' id='word_1_171' title='bbox 572 2742 800 2825; x_wconf 86' lang='grc' dir='ltr'>ἐπιλέκτω[ν</span> <span class='ocrx_word' id='word_1_172' title='bbox 822 2741 1066 2825; x_wconf 84' lang='grc' dir='ltr'>εὐ]αν[δρ]ίᾳ·</span> 
     </span>
     <span class='ocr_line' id='line_1_25' title="bbox 270 2841 1063 2928; baseline -0.003 -18"><span class='ocrx_word' id='word_1_173' title='bbox 270 2848 370 2926; x_wconf 87' lang='grc' dir='ltr'>φυλὴ</span> <span class='ocrx_word' id='word_1_174' title='bbox 394 2847 503 2910; x_wconf 75' lang='grc' dir='ltr'>ἐνίκα</span> <span class='ocrx_word' id='word_1_175' title='bbox 525 2841 700 2912; x_wconf 80' lang='grc' dir='ltr'>Ἀτταλλι</span> <span class='ocrx_word' id='word_1_176' title='bbox 723 2845 1063 2928; x_wconf 77' lang='grc' dir='ltr'>ταίια[ρχού]ντοε</span> 
     </span>
     <span class='ocr_line' id='line_1_26' title="bbox 270 2949 1018 3032; baseline 0.001 -18"><span class='ocrx_word' id='word_1_177' title='bbox 270 2949 486 3032; x_wconf 62' lang='grc' dir='ltr'>[Τιμοκλέους</span> <span class='ocrx_word' id='word_1_178' title='bbox 509 2955 565 3014; x_wconf 86' lang='grc' dir='ltr'>τοῦ</span> <span class='ocrx_word' id='word_1_179' title='bbox 588 2952 776 3029; x_wconf 71' lang='grc' dir='ltr'>Τιμοκλέους</span> <span class='ocrx_word' id='word_1_180' title='bbox 799 2949 1018 3032; x_wconf 86' lang='grc' dir='ltr'>Ἁ[γν]ουιιόυ.</span> 
     </span>
    </p>
   </div>
   <div class='ocr_carea' id='block_1_9' title="bbox 116 3134 1340 4580">
    <p class='ocr_par' dir='ltr' id='par_1_11' title="bbox 116 3134 1340 3381">
     <span class='ocr_line' id='line_1_27' title="bbox 220 3134 1339 3205; baseline -0.001 -15"><span class='ocrx_word' id='word_1_181' title='bbox 220 3144 238 3205; x_wconf 86' lang='lat'>¹)</span> <span class='ocrx_word' id='word_1_182' title='bbox 258 3137 333 3191; x_wconf 84' lang='lat' dir='ltr'>idem</span> <span class='ocrx_word' id='word_1_183' title='bbox 362 3136 537 3192; x_wconf 85' lang='lat' dir='ltr'>certaminum</span> <span class='ocrx_word' id='word_1_184' title='bbox 564 3152 649 3204; x_wconf 78' lang='lat' dir='ltr'>genus</span> <span class='ocrx_word' id='word_1_185' title='bbox 676 3135 788 3190; x_wconf 82' lang='lat' dir='ltr'>sortasse</span> <span class='ocrx_word' id='word_1_186' title='bbox 812 3136 982 3204; x_wconf 78' lang='lat' dir='ltr'>significetur</span> <span class='ocrx_word' id='word_1_187' title='bbox 1005 3134 1187 3204; x_wconf 86' lang='lat' dir='ltr'>inscriptionis</span> <span class='ocrx_word' id='word_1_188' title='bbox 1210 3135 1339 3204; x_wconf 85' lang='lat' dir='ltr'>panathe-</span> 
     </span>
     <span class='ocr_line' id='line_1_28' title="bbox 116 3221 1340 3300; baseline 0 -26"><span class='ocrx_word' id='word_1_189' title='bbox 116 3226 216 3291; x_wconf 83' lang='lat' dir='ltr'>naicae,</span> <span class='ocrx_word' id='word_1_190' title='bbox 242 3241 323 3294; x_wconf 90' lang='lat' dir='ltr'>quam</span> <span class='ocrx_word' id='word_1_191' title='bbox 341 3223 473 3300; x_wconf 84' lang='lat' dir='ltr'>Sauppius</span> <span class='ocrx_word' id='word_1_192' title='bbox 498 3223 626 3276; x_wconf 85' lang='lat' dir='ltr'>tractavit</span> <span class='ocrx_word' id='word_1_193' title='bbox 645 3222 674 3290; x_wconf 85' lang='lat' dir='ltr'>(l.</span> <span class='ocrx_word' id='word_1_194' title='bbox 693 3225 735 3290; x_wconf 77' lang='lat' dir='ltr'>c),</span> <span class='ocrx_word' id='word_1_195' title='bbox 755 3239 790 3276; x_wconf 88' lang='lat' dir='ltr'>vs.</span> <span class='ocrx_word' id='word_1_196' title='bbox 810 3225 843 3276; x_wconf 80' lang='lat'>28</span> <span class='ocrx_word' id='word_1_197' title='bbox 862 3228 937 3277; x_wconf 81' lang='lat' dir='ltr'>verbu</span> <span class='ocrx_word' id='word_1_198' title='bbox 955 3222 1082 3289; x_wconf 69' lang='grc' dir='ltr'>ἁμίλλης.</span> <span class='ocrx_word' id='word_1_199' title='bbox 1112 3221 1238 3290; x_wconf 73' lang='lat' dir='ltr'>eaquae</span> <span class='ocrx_word' id='word_1_200' title='bbox 1256 3221 1340 3290; x_wconf 86' lang='lat' dir='ltr'>Saup-</span> 
     </span>
     <span class='ocr_line' id='line_1_29' title="bbox 117 3299 1155 3381; baseline -0.004 -19"><span class='ocrx_word' id='word_1_201' title='bbox 117 3310 173 3376; x_wconf 89' lang='lat' dir='ltr'>pius</span> <span class='ocrx_word' id='word_1_202' title='bbox 192 3329 218 3381; x_wconf 91' lang='lat' dir='ltr'>p.</span> <span class='ocrx_word' id='word_1_203' title='bbox 241 3311 274 3364; x_wconf 90' lang='lat'>10</span> <span class='ocrx_word' id='word_1_204' title='bbox 292 3310 409 3363; x_wconf 82' lang='lat' dir='ltr'>disserit.</span> <span class='ocrx_word' id='word_1_205' title='bbox 653 3299 655 3309; x_wconf 17' lang='grc' dir='ltr'>ἱ</span> <span class='ocrx_word' id='word_1_206' title='bbox 1153 3305 1155 3310; x_wconf 83' lang='lat'>&#39;</span> 
     </span>
    </p>

    <p class='ocr_par' dir='ltr' id='par_1_12' title="bbox 117 3392 1340 3551">
     <span class='ocr_line' id='line_1_30' title="bbox 218 3392 1340 3463; baseline -0.004 -13"><span class='ocrx_word' id='word_1_207' title='bbox 218 3401 238 3463; x_wconf 82' lang='lat'>²)</span> <span class='ocrx_word' id='word_1_208' title='bbox 258 3395 299 3451; x_wconf 80' lang='lat' dir='ltr'>Oi.</span> <span class='ocrx_word' id='word_1_209' title='bbox 320 3395 416 3463; x_wconf 86' lang='lat' dir='ltr'>Saupp.</span> <span class='ocrx_word' id='word_1_210' title='bbox 435 3393 467 3446; x_wconf 89' lang='lat' dir='ltr'>de</span> <span class='ocrx_word' id='word_1_211' title='bbox 484 3392 660 3461; x_wconf 87' lang='lat' dir='ltr'>inscriptione</span> <span class='ocrx_word' id='word_1_212' title='bbox 680 3392 788 3461; x_wconf 84' lang='lat' dir='ltr'>penath.</span> <span class='ocrx_word' id='word_1_213' title='bbox 807 3409 831 3461; x_wconf 91' lang='lat' dir='ltr'>p.</span> <span class='ocrx_word' id='word_1_214' title='bbox 849 3394 880 3459; x_wconf 82' lang='lat'>23</span> <span class='ocrx_word' id='word_1_215' title='bbox 898 3392 1010 3446; x_wconf 86' lang='lat' dir='ltr'>Bekkeri</span> <span class='ocrx_word' id='word_1_216' title='bbox 1021 3393 1119 3448; x_wconf 88' lang='lat' dir='ltr'>Anecd.</span> <span class='ocrx_word' id='word_1_217' title='bbox 1138 3392 1198 3460; x_wconf 80' lang='grc'><strong>267,</strong></span> <span class='ocrx_word' id='word_1_218' title='bbox 1217 3394 1250 3448; x_wconf 88' lang='grc'>13</span> <span class='ocrx_word' id='word_1_219' title='bbox 1268 3408 1340 3462; x_wconf 86' lang='lat' dir='ltr'>sqq.;</span> 
     </span>
     <span class='ocr_line' id='line_1_31' title="bbox 117 3479 364 3551; baseline 0.004 -19"><span class='ocrx_word' id='word_1_220' title='bbox 117 3479 243 3551; x_wconf 83' lang='lat' dir='ltr'>Harpocr.</span> <span class='ocrx_word' id='word_1_221' title='bbox 265 3482 322 3543; x_wconf 87' lang='grc'>139,</span> <span class='ocrx_word' id='word_1_222' title='bbox 340 3481 364 3534; x_wconf 86' lang='grc'>3.</span> 
     </span>
    </p>

    <p class='ocr_par' dir='ltr' id='par_1_13' title="bbox 117 3565 1339 3981">
     <span class='ocr_line' id='line_1_32' title="bbox 219 3565 1339 3634; baseline -0.001 -14"><span class='ocrx_word' id='word_1_223' title='bbox 219 3571 239 3634; x_wconf 85' lang='lat'>³)</span> <span class='ocrx_word' id='word_1_224' title='bbox 258 3567 358 3620; x_wconf 82' lang='lat' dir='ltr'>Andos.</span> <span class='ocrx_word' id='word_1_225' title='bbox 377 3565 426 3632; x_wconf 90' lang='lat' dir='ltr'>IV,</span> <span class='ocrx_word' id='word_1_226' title='bbox 443 3567 490 3620; x_wconf 79' lang='lat'>42:</span> <span class='ocrx_word' id='word_1_227' title='bbox 517 3570 581 3633; x_wconf 83' lang='grc' dir='ltr'>περὶ</span> <span class='ocrx_word' id='word_1_228' title='bbox 600 3568 630 3620; x_wconf 81' lang='grc' dir='ltr'>δὲ</span> <span class='ocrx_word' id='word_1_229' title='bbox 649 3569 708 3619; x_wconf 86' lang='grc' dir='ltr'>τῶν</span> <span class='ocrx_word' id='word_1_230' title='bbox 732 3569 916 3634; x_wconf 82' lang='grc' dir='ltr'>λειτουργιῶν</span> <span class='ocrx_word' id='word_1_231' title='bbox 934 3567 986 3618; x_wconf 85' lang='grc' dir='ltr'>οὐκ</span> <span class='ocrx_word' id='word_1_232' title='bbox 1005 3566 1072 3621; x_wconf 80' lang='grc' dir='ltr'>ἀξιῶ</span> <span class='ocrx_word' id='word_1_233' title='bbox 1092 3569 1246 3634; x_wconf 77' lang='grc' dir='ltr'>μεμνῆεθαι</span> <span class='ocrx_word' id='word_1_234' title='bbox 1265 3569 1339 3632; x_wconf 88' lang='grc' dir='ltr'>πλὴν</span> 
     </span>
     <span class='ocr_line' id='line_1_33' title="bbox 118 3652 1339 3720; baseline 0 -15"><span class='ocrx_word' id='word_1_235' title='bbox 118 3657 189 3707; x_wconf 80' lang='grc' dir='ltr'>κατὰ</span> <span class='ocrx_word' id='word_1_236' title='bbox 206 3659 354 3717; x_wconf 78' lang='grc' dir='ltr'>τοεοθταν,</span> <span class='ocrx_word' id='word_1_237' title='bbox 373 3655 417 3706; x_wconf 84' lang='grc' dir='ltr'>ὅτι</span> <span class='ocrx_word' id='word_1_238' title='bbox 429 3654 465 3707; x_wconf 90' lang='grc' dir='ltr'>τὰ</span> <span class='ocrx_word' id='word_1_239' title='bbox 478 3653 712 3720; x_wconf 81' lang='grc' dir='ltr'>προεταττόμενα</span> <span class='ocrx_word' id='word_1_240' title='bbox 731 3653 849 3706; x_wconf 86' lang='grc' dir='ltr'>δαπανῶ</span> <span class='ocrx_word' id='word_1_241' title='bbox 868 3653 919 3704; x_wconf 91' lang='grc' dir='ltr'>οὐκ</span> <span class='ocrx_word' id='word_1_242' title='bbox 933 3652 988 3705; x_wconf 86' lang='grc' dir='ltr'>ἀπὸ</span> <span class='ocrx_word' id='word_1_243' title='bbox 1001 3657 1061 3705; x_wconf 88' lang='grc' dir='ltr'>τῶν</span> <span class='ocrx_word' id='word_1_244' title='bbox 1079 3657 1191 3716; x_wconf 80' lang='grc' dir='ltr'>κοινῶν,</span> <span class='ocrx_word' id='word_1_245' title='bbox 1210 3653 1269 3706; x_wconf 84' lang='grc' dir='ltr'>ἀλλ’</span> <span class='ocrx_word' id='word_1_246' title='bbox 1283 3653 1339 3707; x_wconf 84' lang='grc' dir='ltr'>ὐπὸ</span> 
     </span>
     <span class='ocr_line' id='line_1_34' title="bbox 117 3735 1339 3808; baseline 0.001 -18"><span class='ocrx_word' id='word_1_247' title='bbox 117 3735 174 3794; x_wconf 82' lang='grc' dir='ltr'>τιύν</span> <span class='ocrx_word' id='word_1_248' title='bbox 199 3741 293 3795; x_wconf 80' lang='grc' dir='ltr'>ἰδίων·</span> <span class='ocrx_word' id='word_1_249' title='bbox 322 3739 412 3794; x_wconf 83' lang='grc' dir='ltr'>καίτοι</span> <span class='ocrx_word' id='word_1_250' title='bbox 436 3741 570 3806; x_wconf 88' lang='grc' dir='ltr'>τυγχάνω</span> <span class='ocrx_word' id='word_1_251' title='bbox 597 3740 751 3805; x_wconf 69' lang='grc' dir='ltr'>νενικηκὼς</span> <span class='ocrx_word' id='word_1_252' title='bbox 770 3737 919 3808; x_wconf 71' lang='grc' dir='ltr'>εὐανδρίας</span> <span class='ocrx_word' id='word_1_253' title='bbox 946 3739 979 3791; x_wconf 83' lang='lat' dir='ltr'>ci.</span> <span class='ocrx_word' id='word_1_254' title='bbox 998 3738 1111 3794; x_wconf 82' lang='lat' dir='ltr'>Boeelrh.</span> <span class='ocrx_word' id='word_1_255' title='bbox 1130 3739 1149 3792; x_wconf 92' lang='grc'>1.</span> <span class='ocrx_word' id='word_1_256' title='bbox 1167 3755 1189 3792; x_wconf 92' lang='lat' dir='ltr'>c.</span> <span class='ocrx_word' id='word_1_257' title='bbox 1208 3739 1230 3802; x_wconf 93' lang='lat' dir='ltr'>I,</span> <span class='ocrx_word' id='word_1_258' title='bbox 1249 3738 1339 3806; x_wconf 56' lang='lat' dir='ltr'>saum</span> 
     </span>
     <span class='ocr_line' id='line_1_35' title="bbox 118 3822 1339 3895; baseline 0.001 -21"><span class='ocrx_word' id='word_1_259' title='bbox 118 3822 212 3894; x_wconf 81' lang='lat' dir='ltr'>Saupp.</span> <span class='ocrx_word' id='word_1_260' title='bbox 231 3827 249 3880; x_wconf 94' lang='lat' dir='ltr'>l.</span> <span class='ocrx_word' id='word_1_261' title='bbox 263 3843 285 3879; x_wconf 86' lang='lat' dir='ltr'>c.</span> <span class='ocrx_word' id='word_1_262' title='bbox 303 3828 357 3895; x_wconf 89' lang='lat' dir='ltr'>p.8</span> <span class='ocrx_word' id='word_1_263' title='bbox 375 3841 446 3895; x_wconf 85' lang='lat' dir='ltr'>sqq.;</span> <span class='ocrx_word' id='word_1_264' title='bbox 464 3825 554 3884; x_wconf 82' lang='lat' dir='ltr'>Meier,</span> <span class='ocrx_word' id='word_1_265' title='bbox 568 3841 656 3894; x_wconf 88' lang='lat' dir='ltr'>opusc.</span> <span class='ocrx_word' id='word_1_266' title='bbox 668 3825 690 3889; x_wconf 90' lang='lat'>1,</span> <span class='ocrx_word' id='word_1_267' title='bbox 703 3825 850 3892; x_wconf 73' lang='lat' dir='ltr'>aer-3433</span> <span class='ocrx_word' id='word_1_268' title='bbox 871 3824 1042 3879; x_wconf 87' lang='lat' dir='ltr'>Schoemann.</span> <span class='ocrx_word' id='word_1_269' title='bbox 1057 3822 1339 3888; x_wconf 69' lang='lat' dir='ltr'>eberneicortem,</span> 
     </span>
     <span class='ocr_line' id='line_1_36' title="bbox 117 3908 646 3981; baseline 0.006 -19"><span class='ocrx_word' id='word_1_270' title='bbox 117 3908 167 3964; x_wconf 79' lang='grc'>469</span> <span class='ocrx_word' id='word_1_271' title='bbox 183 3929 222 3981; x_wconf 88' lang='lat' dir='ltr'>sq.</span> <span class='ocrx_word' id='word_1_272' title='bbox 229 3933 237 3976; x_wconf 89' lang='lat'>;</span> <span class='ocrx_word' id='word_1_273' title='bbox 255 3913 398 3967; x_wconf 87' lang='lat' dir='ltr'>Hermann.</span> <span class='ocrx_word' id='word_1_274' title='bbox 415 3912 434 3966; x_wconf 92' lang='grc'>1.</span> <span class='ocrx_word' id='word_1_275' title='bbox 453 3928 474 3965; x_wconf 92' lang='lat' dir='ltr'>c.</span> <span class='ocrx_word' id='word_1_276' title='bbox 492 3911 526 3977; x_wconf 90' lang='grc' dir='ltr'>ΙΙ,</span> <span class='ocrx_word' id='word_1_277' title='bbox 546 3912 587 3975; x_wconf 81' lang='lat'>54,</span> <span class='ocrx_word' id='word_1_278' title='bbox 605 3913 646 3966; x_wconf 82' lang='lat'>31.</span> 
     </span>
    </p>

    <p class='ocr_par' dir='ltr' id='par_1_14' title="bbox 118 3995 1339 4494">
     <span class='ocr_line' id='line_1_37' title="bbox 217 3995 1337 4067; baseline -0.004 -17"><span class='ocrx_word' id='word_1_279' title='bbox 217 4001 237 4064; x_wconf 91' lang='lat'>⁴)</span> <span class='ocrx_word' id='word_1_280' title='bbox 256 3997 375 4067; x_wconf 89' lang='lat' dir='ltr'>Xenoph.</span> <span class='ocrx_word' id='word_1_281' title='bbox 394 3997 473 4052; x_wconf 87' lang='lat' dir='ltr'>Mem.</span> <span class='ocrx_word' id='word_1_282' title='bbox 491 3997 549 4062; x_wconf 93' lang='lat' dir='ltr'>III,</span> <span class='ocrx_word' id='word_1_283' title='bbox 568 3997 592 4061; x_wconf 84' lang='lat'>3,</span> <span class='ocrx_word' id='word_1_284' title='bbox 613 3995 658 4049; x_wconf 76' lang='lat'>12:</span> <span class='ocrx_word' id='word_1_285' title='bbox 683 3998 718 4049; x_wconf 90' lang='grc' dir='ltr'>Ἣ</span> <span class='ocrx_word' id='word_1_286' title='bbox 738 3999 805 4050; x_wconf 82' lang='grc' dir='ltr'>τόδε</span> <span class='ocrx_word' id='word_1_287' title='bbox 824 3997 875 4049; x_wconf 87' lang='grc' dir='ltr'>οὐκ</span> <span class='ocrx_word' id='word_1_288' title='bbox 895 3997 1095 4063; x_wconf 76' lang='grc' dir='ltr'>ἐντεθύμηιαι,</span> <span class='ocrx_word' id='word_1_289' title='bbox 1119 3999 1173 4059; x_wconf 80' lang='lat' dir='ltr'>rbc,</span> <span class='ocrx_word' id='word_1_290' title='bbox 1193 3995 1282 4047; x_wconf 86' lang='grc' dir='ltr'>ὅταν</span> <span class='ocrx_word' id='word_1_291' title='bbox 1300 4011 1337 4058; x_wconf 89' lang='grc' dir='ltr'>γε</span> 
     </span>
     <span class='ocr_line' id='line_1_38' title="bbox 118 4081 1339 4150; baseline -0.009 -7"><span class='ocrx_word' id='word_1_292' title='bbox 118 4085 220 4148; x_wconf 77' lang='lat' dir='ltr'>roboc</span> <span class='ocrx_word' id='word_1_293' title='bbox 245 4084 294 4139; x_wconf 74' lang='lat' dir='ltr'>sic</span> <span class='ocrx_word' id='word_1_294' title='bbox 312 4086 349 4138; x_wconf 82' lang='grc' dir='ltr'>ἐκ</span> <span class='ocrx_word' id='word_1_295' title='bbox 367 4085 474 4150; x_wconf 79' lang='grc' dir='ltr'>τῆεδε</span> <span class='ocrx_word' id='word_1_296' title='bbox 496 4087 560 4150; x_wconf 70' lang='grc' dir='ltr'>τῆς</span> <span class='ocrx_word' id='word_1_297' title='bbox 583 4083 721 4136; x_wconf 70' lang='grc' dir='ltr'>πόλεως</span> <span class='ocrx_word' id='word_1_298' title='bbox 744 4081 922 4148; x_wconf 88' lang='grc' dir='ltr'>γίγνηται,</span> <span class='ocrx_word' id='word_1_299' title='bbox 952 4084 1044 4150; x_wconf 68' lang='grc' dir='ltr'>ὥςπερ</span> <span class='ocrx_word' id='word_1_300' title='bbox 1063 4085 1079 4136; x_wconf 87' lang='grc' dir='ltr'>ὁ</span> <span class='ocrx_word' id='word_1_301' title='bbox 1099 4081 1138 4136; x_wconf 75' lang='grc' dir='ltr'>εἰ(</span> <span class='ocrx_word' id='word_1_302' title='bbox 1156 4082 1253 4148; x_wconf 80' lang='grc' dir='ltr'>Δῆλον</span> <span class='ocrx_word' id='word_1_303' title='bbox 1271 4096 1339 4144; x_wconf 89' lang='grc' dir='ltr'>πεμ-</span> 
     </span>
     <span class='ocr_line' id='line_1_39' title="bbox 119 4165 1339 4235; baseline -0.005 -13"><span class='ocrx_word' id='word_1_304' title='bbox 119 4165 252 4235; x_wconf 67' lang='grc' dir='ltr'>πόμενος,</span> <span class='ocrx_word' id='word_1_305' title='bbox 276 4171 369 4226; x_wconf 72' lang='grc' dir='ltr'>οὐδεὶς</span> <span class='ocrx_word' id='word_1_306' title='bbox 388 4172 506 4225; x_wconf 80' lang='grc' dir='ltr'>ἄλλοθεν</span> <span class='ocrx_word' id='word_1_307' title='bbox 524 4168 684 4234; x_wconf 79' lang='grc' dir='ltr'>οὐδαμόθεν</span> <span class='ocrx_word' id='word_1_308' title='bbox 703 4169 799 4235; x_wconf 82' lang='grc' dir='ltr'>τούτῳ</span> <span class='ocrx_word' id='word_1_309' title='bbox 818 4169 971 4234; x_wconf 75' lang='grc' dir='ltr'>ἐφάμιλλοι</span> <span class='ocrx_word' id='word_1_310' title='bbox 989 4168 1115 4234; x_wconf 89' lang='grc' dir='ltr'>γίγνεται</span> <span class='ocrx_word' id='word_1_311' title='bbox 1138 4167 1220 4220; x_wconf 83' lang='grc' dir='ltr'>οὐδὲ</span> <span class='ocrx_word' id='word_1_312' title='bbox 1244 4167 1339 4219; x_wconf 91' lang='grc' dir='ltr'>εὐαν-</span> 
     </span>
     <span class='ocr_line' id='line_1_40' title="bbox 120 4249 1339 4325; baseline 0 -21"><span class='ocrx_word' id='word_1_313' title='bbox 120 4249 195 4316; x_wconf 85' lang='grc' dir='ltr'>δρία</span> <span class='ocrx_word' id='word_1_314' title='bbox 214 4257 250 4310; x_wconf 83' lang='grc' dir='ltr'>ἐν</span> <span class='ocrx_word' id='word_1_315' title='bbox 269 4258 339 4325; x_wconf 83' lang='grc' dir='ltr'>ἄλλῃ</span> <span class='ocrx_word' id='word_1_316' title='bbox 358 4257 437 4310; x_wconf 86' lang='grc' dir='ltr'>πόλει</span> <span class='ocrx_word' id='word_1_317' title='bbox 455 4255 537 4323; x_wconf 86' lang='grc' dir='ltr'>ὁμοία</span> <span class='ocrx_word' id='word_1_318' title='bbox 557 4259 592 4323; x_wconf 79' lang='grc' dir='ltr'>τῇ</span> <span class='ocrx_word' id='word_1_319' title='bbox 612 4255 713 4309; x_wconf 83' lang='grc' dir='ltr'>ἐνθάδε</span> <span class='ocrx_word' id='word_1_320' title='bbox 732 4255 896 4319; x_wconf 69' lang='grc' dir='ltr'>(υνάγεταυ</span> <span class='ocrx_word' id='word_1_321' title='bbox 914 4256 1019 4321; x_wconf 82' lang='grc' dir='ltr'>Ἀληθῆ</span> <span class='ocrx_word' id='word_1_322' title='bbox 1037 4255 1136 4320; x_wconf 68' lang='grc' dir='ltr'>λέγεις,</span> <span class='ocrx_word' id='word_1_323' title='bbox 1155 4254 1221 4320; x_wconf 84' lang='grc' dir='ltr'>ἔφη.</span> <span class='ocrx_word' id='word_1_324' title='bbox 1238 4253 1339 4305; x_wconf 87' lang='grc' dir='ltr'>Ἀλλὰ</span> 
     </span>
     <span class='ocr_line' id='line_1_41' title="bbox 120 4338 1338 4410; baseline -0.006 -14"><span class='ocrx_word' id='word_1_325' title='bbox 120 4338 182 4401; x_wconf 72' lang='lat' dir='ltr'>pao</span> <span class='ocrx_word' id='word_1_326' title='bbox 210 4343 292 4397; x_wconf 85' lang='grc' dir='ltr'>οὔτε</span> <span class='ocrx_word' id='word_1_327' title='bbox 320 4341 479 4410; x_wconf 78' lang='grc' dir='ltr'>εὐφωνίᾳ</span> <span class='ocrx_word' id='word_1_328' title='bbox 501 4345 676 4395; x_wconf 79' lang='grc' dir='ltr'>τοεούτον</span> <span class='ocrx_word' id='word_1_329' title='bbox 695 4340 875 4408; x_wconf 78' lang='grc' dir='ltr'>διαφέρουειν</span> <span class='ocrx_word' id='word_1_330' title='bbox 893 4341 1037 4406; x_wconf 77' lang='grc' dir='ltr'>Ἀθηναῖοι</span> <span class='ocrx_word' id='word_1_331' title='bbox 1056 4345 1115 4393; x_wconf 84' lang='grc' dir='ltr'>τῶν</span> <span class='ocrx_word' id='word_1_332' title='bbox 1138 4341 1231 4392; x_wconf 77' lang='grc' dir='ltr'>ἄλλων</span> <span class='ocrx_word' id='word_1_333' title='bbox 1255 4339 1338 4391; x_wconf 89' lang='grc' dir='ltr'>οὔτε</span> 
     </span>
     <span class='ocr_line' id='line_1_42' title="bbox 122 4425 912 4494; baseline 0 -16"><span class='ocrx_word' id='word_1_334' title='bbox 122 4426 293 4488; x_wconf 80' lang='grc' dir='ltr'>(ωμάτων</span> <span class='ocrx_word' id='word_1_335' title='bbox 313 4427 452 4493; x_wconf 84' lang='grc' dir='ltr'>μεγέθει</span> <span class='ocrx_word' id='word_1_336' title='bbox 470 4429 527 4479; x_wconf 83' lang='grc' dir='ltr'>καί</span> <span class='ocrx_word' id='word_1_337' title='bbox 546 4427 657 4494; x_wconf 80' lang='grc' dir='ltr'>ῥώμῃ,</span> <span class='ocrx_word' id='word_1_338' title='bbox 676 4427 741 4480; x_wconf 78' lang='grc' dir='ltr'>διον</span> <span class='ocrx_word' id='word_1_339' title='bbox 759 4425 912 4494; x_wconf 84' lang='grc' dir='ltr'>φιλοτιμίᾳ.</span> 
     </span>
    </p>

    <p class='ocr_par' dir='ltr' id='par_1_15' title="bbox 220 4509 1253 4580">
     <span class='ocr_line' id='line_1_43' title="bbox 220 4509 1253 4580; baseline -0.005 -13"><span class='ocrx_word' id='word_1_340' title='bbox 220 4513 239 4577; x_wconf 80' lang='lat'>⁵)</span> <span class='ocrx_word' id='word_1_341' title='bbox 258 4513 357 4568; x_wconf 86' lang='lat' dir='ltr'>Contra</span> <span class='ocrx_word' id='word_1_342' title='bbox 375 4513 443 4566; x_wconf 87' lang='lat' dir='ltr'>hanc</span> <span class='ocrx_word' id='word_1_343' title='bbox 462 4511 614 4580; x_wconf 86' lang='lat' dir='ltr'>opinionem</span> <span class='ocrx_word' id='word_1_344' title='bbox 633 4509 770 4579; x_wconf 79' lang='lat' dir='ltr'>Rangabis</span> <span class='ocrx_word' id='word_1_345' title='bbox 788 4509 843 4566; x_wconf 88' lang='lat' dir='ltr'>iam</span> <span class='ocrx_word' id='word_1_346' title='bbox 861 4511 1012 4579; x_wconf 85' lang='lat' dir='ltr'>disputavit</span> <span class='ocrx_word' id='word_1_347' title='bbox 1029 4512 1046 4564; x_wconf 90' lang='lat' dir='ltr'>l.</span> <span class='ocrx_word' id='word_1_348' title='bbox 1066 4527 1089 4566; x_wconf 82' lang='lat' dir='ltr'>c.</span> <span class='ocrx_word' id='word_1_349' title='bbox 1106 4510 1132 4562; x_wconf 95' lang='lat' dir='ltr'>II</span> <span class='ocrx_word' id='word_1_350' title='bbox 1150 4527 1175 4579; x_wconf 90' lang='lat' dir='ltr'>p.</span> <span class='ocrx_word' id='word_1_351' title='bbox 1195 4511 1253 4564; x_wconf 78' lang='grc'><strong>671.</strong></span> 
     </span>
    </p>
   </div>
   <div class='ocr_carea' id='block_1_10' title="bbox 165 4611 1183 4664">
    <p class='ocr_par' dir='ltr' id='par_1_16' title="bbox 165 4611 1183 4664">
     <span class='ocr_line' id='line_1_44' title="bbox 165 4611 1183 4664; baseline 0.002 -10"><span class='ocrx_word' id='word_1_352' title='bbox 165 4611 300 4658; x_wconf 73' lang='lat' dir='ltr'>Taumser.</span> <span class='ocrx_word' id='word_1_353' title='bbox 328 4617 359 4658; x_wconf 89' lang='lat' dir='ltr'>Do</span> <span class='ocrx_word' id='word_1_354' title='bbox 373 4618 414 4658; x_wconf 84' lang='lat' dir='ltr'>civ.</span> <span class='ocrx_word' id='word_1_355' title='bbox 430 4616 507 4658; x_wconf 79' lang='lat' dir='ltr'>Athon.</span> <span class='ocrx_word' id='word_1_356' title='bbox 522 4615 645 4656; x_wconf 87' lang='lat' dir='ltr'>muneribus</span> <span class='ocrx_word' id='word_1_357' title='bbox 659 4617 700 4656; x_wconf 86' lang='lat' dir='ltr'>cto.</span> <span class='ocrx_word' id='word_1_358' title='bbox 1169 4618 1183 4664; x_wconf 82' lang='grc'><strong>7</strong></span> 
     </span>
    </p>
   </div>
   <div class='ocr_carea' id='block_1_11' title="bbox 0 0 1613 5060">
    <p class='ocr_par' dir='ltr' id='par_1_17' title="bbox 0 0 1613 5060">
     <span class='ocr_line' id='line_1_45' title="bbox 0 0 1613 5060; baseline 0 0"><span class='ocrx_word' id='word_1_359' title='bbox 0 0 1613 5060; x_wconf 95' lang='lat' dir='ltr'> </span> 
     </span>
    </p>
   </div>
  </div>
 </body>
</html>
