3232 5044
653 257 914 331 -23-‘

143 461 266 536 αρχεῑν,
295 455 326 520 οἱ
350 457 386 520 δὲ
408 455 451 520 εἰε
473 455 512 518 τὸ
535 454 705 534 εἰτφέρειν,
730 453 793 518 vel:
827 455 872 519 cic
894 455 1061 535 ἀμφότερα
1082 457 1154 536 ὑμῖν
1176 459 1368 538 theotocos

142 563 285 640 χρήιιμοι
307 559 380 623 τότε
402 559 458 637 μὲν
477 557 605 622 -τότε
628 560 665 622 δὲ
682 593 731 633 -,
754 577 792 622 ex
814 556 878 621 elie
899 575 1019 640 quoque
1042 575 1135 624 oense
1156 561 1368 644 redarguenda

143 662 277 728 ridetur.
315 660 396 725 Nem
418 660 638 726 Demosthenes
653 659 738 738 XIV,
755 661 796 725 19
811 677 868 742 sq,
891 664 1055 742 postquem
1077 662 1252 743 explicere,
1276 681 1368 746 quem

143 766 333 830 admodum
361 762 602 830 trierarchornm
624 763 758 846 collegio
784 764 955 829 ordinende
983 769 1139 843 censeret,
1169 768 1292 832 uberius
1315 786 1367 832 er·

147 867 243 950 ponit,
267 885 328 948 quc
342 867 462 932 ratione
477 871 619 948 sumptus
634 869 758 949 prester
772 866 1015 931 trierarchorum
1031 881 1159 933 memore
1173 871 1211 934 cd
1227 869 1369 935 triremes

144 971 337 1036 instruendus
353 974 364 1047 (
381 968 402 1034 f.
418 969 446 1051 ἓ.
462 970 499 1034 9:
522 970 597 1034 τοὺι
618 972 675 1049 μὲν
689 971 847 1050 πολέμου(
870 969 1013 1035 ἅπαντα(
1034 969 1213 1047 ἀναγκαίως
1235 972 1369 1052 ἡγοῦμαι

142 1075 280 1153 τριήρων
303 1075 354 1138 καὶ
376 1074 547 1153 χρημάτων
569 1073 619 1137 καὶ
642 1073 753 1138 τόπων
775 1077 904 1152 δεῖτθαι)
927 1074 1094 1138 necessarii
1115 1075 1231 1156 optime
1254 1076 1286 1138 in
1304 1077 1368 1139 sin-

144 1176 235 1259 gulas
265 1175 448 1257 symmories
471 1174 709 1241 distribuentur.
746 1179 785 1240 In
807 1173 845 1240 iis
867 1176 967 1252 enim,
1000 1194 1077 1258 quae
1105 1180 1269 1254 secuntur,
1304 1177 1398 1242 iem'

143 1296 206 1343 non
228 1279 267 1342 de
290 1279 464 1343 trierarchis
487 1278 556 1342 unis
579 1278 630 1362 sgr·
652 1278 827 1342 ostenditur
848 1278 968 1344 uerbis:
993 1280 1143 1355 ιικελεάω,
1166 1279 1301 1358 ἐπειδὴ
1324 1280 1367 1344 τὸ

143 1381 290 1460 τίμημά
312 1382 390 1446 ἐετι
405 1383 451 1446 τά
464 1385 532 1459 τῆε
554 1382 687 1460 χώρας
703 1379 756 1459 (of.
771 1401 801 1463 p.
813 1381 855 1446 35
867 1387 945 1463 sqq.)
962 1382 1173 1459 ἑξακιιχιλίων
1195 1383 1369 1458 ταλάντων,

144 1485 191 1548 ἵν’
212 1484 301 1562 ὑμῖν
323 1485 385 1548 καὶ
407 1485 452 1548 τά
475 1485 652 1563 χρήματα
674 1482 693 1562 ἦ
716 1486 1022 1562 ευντεταχμένα,
1051 1488 1163 1550 διελεῖν
1190 1491 1287 1550 τοῦτο
1317 1488 1368 1550 καλ

142 1593 267 1666 ποιῆται
299 1585 369 1652 καθ’
399 1586 551 1664 ἑξήκοντα
579 1587 718 1650 τάλαντα
746 1585 862 1650 ἑκατὸν
889 1586 983 1664 μέρη,
1016 1585 1103 1651 εἶτα
1136 1589 1254 1654 πέντε
1287 1589 1367 1664 ἑξη-

142 1691 481 1758 κονταταλαντίας
514 1691 569 1755 εἰς
603 1691 768 1768 ἑκάττην
802 1692 878 1754 τῶν
911 1690 1091 1768 μεγάλων
1128 1695 1203 1755 τῶν
1240 1689 1369 1755 εἷκοει

143 1797 371 1872 ευμμοριῶν
405 1795 701 1872 ἐπικληράιταιν,
736 1793 849 1875 quippe
883 1809 955 1856 cum
983 1809 1043 1857 non
1071 1796 1109 1858 ed
1137 1793 1207 1858 illos
1242 1795 1369 1857 tanturn

144 1897 331 1978 spectauerit
353 1897 390 1961 τὸ
414 1897 528 1975 τίμημα
555 1898 593 1961 τὸ
617 1900 672 1974 nic
701 1897 807 1974 χώραε
830 1893 881 1972 (cf.
906 1915 934 1976 p.
957 1895 1026 1972 35);
1061 1896 1140 1959 etsi
1163 1898 1367 1960 sententiam:

142 1998 232 2064 ὅπωε
255 2000 312 2064 ἐάν
334 1999 486 2079 μὲνὺμῖν
508 2000 623 2064 ἑκατὸν
646 2000 701 2082 δέη
724 1999 877 2077 τριήρων,
911 2000 980 2076 τήν
1003 2001 1072 2078 μὲν
1094 2000 1277 2076 δαπάνην
1300 1999 1368 2076 ἐξά·

142 2123 240 2168 κοντα
262 2103 401 2168 τάλαντα
424 2104 562 2185 ευντελῇ,
585 2103 821 2181 τριήραρχοι
845 2091 873 2166 δ’
889 2101 944 2166 ὦει
966 2104 1100 2178 δώδεκα,
1124 2103 1180 2166 ἐάν
1203 2103 1240 2166 δὲ
1263 2105 1368 2166 διακο-

141 2207 232 2282 είων,
266 2206 435 2286 τριάκοντα
468 2209 525 2285 μὲν
557 2205 577 2290 ᾗ
610 2205 749 2270 τάλαντα
776 2207 846 2283 τὴν
880 2205 1061 2284 δαπάνην
1090 2208 1368 2280 ευντελοῦντα,

87 2349 88 2354 1
140 2312 175 2377 ἓξ
198 2313 234 2374 δὲ
263 2309 391 2388 ιώματα
421 2313 758 2388 τριηραρχοῦντα,
793 2309 849 2372 ἐάν
878 2311 921 2372 δὲ
950 2310 1151 2386 τριακοτίων,
1184 2307 1279 2374 εἴκοςι
1312 2308 1369 2386 μὲν

140 2413 323 2496 ᾗςτάλαντα
345 2413 413 2489 τὴν
437 2412 614 2490 δαπάνην
636 2411 866 2486 διαλύοντα,
889 2411 1023 2489 τέτταρα
1038 2413 1075 2475 δὲ
1090 2411 1218 2490 ιώματα
1240 2430 1368 2488 τριηρ-

141 2519 342 2594 αρχοῦντα
358 2515 478 2579 attente
494 2514 616 2598 legeris,
638 2531 699 2578 non
714 2515 829 2595 poterit
843 2515 874 2577 te
891 2514 998 2596 ihgere
1012 2515 1195 2595 scriptorem
1210 2513 1367 2594 impensus

139 2615 213 2683 illae
246 2621 352 2700 aperte
385 2615 580 2698 dilucideque
609 2634 761 2698 opponere
789 2615 898 2681 officiis
933 2617 1160 2680 ditissimorum
1194 2614 1366 2689 hominum,

142 2723 181 2788 ed
203 2719 420 2786 trierarchiem
442 2721 544 2802 ipsum
565 2717 806 2804 pertinentibus.
853 2719 963 2784 Nonne
986 2722 1106 2798 autem,
1134 2721 1176 2798 si,
1202 2719 1254 2802 qui
1277 2716 1370 2799 τηλοτ-ῐ

140 2825 246 2890 erehie
268 2824 494 2910 fungebantur,
523 2824 562 2890 iis
586 2825 740 2891 tributum
760 2827 885 2907 proptor
913 2824 972 2912 hoe
999 2823 1104 2905 ipsum
1126 2843 1238 2900 munus
1259 2807 1369 2888 remiess

142 2948 214 2993 sum
237 2933 326 3006 esset,
350 2928 440 2994 huius
463 2928 507 2992 rei
529 2928 589 2994 hoc
610 2928 678 2995 loco
694 2928 917 2994 Demosthenes
939 2927 1130 2992 mentionem
1153 2927 1254 2990 iecere
1278 2927 1372 2990 debe·-

142 3030 223 3095 bet‘?
256 3031 364 3096 Nonne
388 3030 481 3096 Behii
515 3031 670 3095 sententio
704 3031 884 3096 confutetur
906 3030 1021 3093 verbis:
1055 3031 1112 3109 τὴν
1140 3031 1197 3108 μὲν
1225 3029 1370 3106 δαπάνην

145 3133 333 3212 ἑξήκοντα
362 3134 540 3198 τάλαντα
569 3135 733 3215 currere
757 3133 840 3197 ete?
868 3132 934 3210 An,
960 3132 987 3196 si
1009 3131 1063 3220 ille
1085 3135 1169 3198 recte
1192 3131 1369 3213 iudicasset,

144 3237 308 3317 oratorem,
346 3257 415 3303 cum
450 3237 575 3302 centum
608 3237 751 3302 triremes
785 3235 900 3300 ormari
936 3237 1097 3312 deberent,
1134 3236 1292 3318 sumptus,
1330 3234 1370 3298 ed

142 3358 237 3406 unam
264 3360 373 3406 navem
402 3342 592 3424 spectantes,
626 3343 657 3407 in
680 3344 807 3406 omnia
835 3357 985 3422 sexageno
1013 3339 1207 3422 singulorum
1230 3355 1369 3422 symmo-

139 3443 260 3510 rierum
289 3444 409 3511 talento
435 3444 571 3511 divisum
600 3444 654 3526 iri,
688 3445 848 3510 dicturum
869 3445 964 3510 fuisse
987 3445 1054 3526 quis
1068 3441 1257 3526 putabit?¹)
1310 3441 1370 3508 Sed

245 3637 264 3700 ¹)
282 3632 360 3687 Nihil
382 3632 504 3697 adrem,
530 3632 559 3686 in
577 3647 657 3702 quern
681 3631 758 3686 nobis
781 3631 972 3699 inquirendum
995 3630 1058 3696 fnit,
1087 3629 1270 3699 Xenophontis
1297 3629 1369 3684 loeus

137 3719 220 3785 velet,
238 3718 284 3788 qui
302 3717 461 3773 eBoechhio
479 3718 539 3773 Oeo.
558 3717 683 3773 oiuhth.
702 3718 725 3780 1,
743 3717 821 3772 erle
838 3715 945 3772 odlstus
963 3719 1013 3783 est,
1031 3717 1090 3770 Oce.
1109 3716 1143 3780 11,
1162 3716 1191 3769 6:
1215 3717 1256 3770 ἔτι
1275 3719 1305 3770 δὲ
1323 3718 1370 3770 καί

137 3807 195 3872 τὴν
222 3807 304 3859 πόλιν
332 3803 498 3870 αἰεθάνομαι
524 3806 560 3858 τά
585 3806 636 3869 μὲν
662 3805 718 3870 ἤδη
738 3819 778 3856 τοι
806 3797 1038 3871 προετάττοιτεαν
1065 3801 1254 3871 ἱπποτροφίαι
1273 3803 1370 3856 τεκαὶ
1441 3801 1443 3807 ’

137 3889 276 3959 χορηγίαι
294 3892 340 3943 καὶ
358 3889 580 3958 γομνααταρχίαε
597 3893 644 3942 καλ
661 3888 861 3957 προττατείαε,
881 3890 918 3956 ἢν
931 3889 962 3942 δὲ
976 3889 1011 3954 δὴ
1030 3889 1153 3953 πάλεμοε
1171 3888 1297 3953 γένηται,
1317 3887 1370 3939 οἶδ’

139 3979 189 4032 ὅτι
204 3979 253 4030 καλ
270 3975 453 4046 τριηραρχίαι
472 3978 518 4030 καλ
537 3975 670 4044 εἰεφοράι
687 3977 828 4030 ‘recedent
845 3967 1055 4042 π’ροιτάέοοειν,
1075 3975 1142 4030 dcet
1153 3974 1193 4027 ειλ
1211 3973 1246 4026 od
1265 3969 1370 4040 dehisce

137 4061 276 4124 ὑπαίιειε;
303 4063 471 4132 opponuntur
497 4059 568 4115 enim
594 4063 665 4116 inter
688 4073 716 4114 ee
739 4057 1011 4115 munere'Oritohnlo
1025 4060 1053 4112 et
1069 4056 1141 4112 helio
1160 4059 1187 4111 et
1205 4070 1268 4124 pace
1295 4071 1370 4126 pree·

138 4148 236 4202 stende
254 4161 339 4216 neque
356 4162 387 4201 ex
403 4149 453 4202 hoe
470 4147 527 4202 loco
545 4147 650 4202 decerni
669 4147 747 4213 lieet,
770 4157 836 4199 nom
853 4157 907 4198 nne
918 4142 984 4198 'cnm
1002 4143 1162 4200 trierarchie
1179 4140 1314 4195 tributum
1332 4155 1369 4194 en

137 4233 286 4302 seperatim
303 4236 446 4304 utrumque
463 4233 582 4288 officium
600 4233 722 4288 debuerit
738 4225 805 4286 fieri.
832 4230 944 4284 Minime
961 4244 1022 4284 uero
1041 4227 1204 4290 sententiae,
1226 4241 1306 4294 quem
1324 4225 1368 4279 de·

137 4317 233 4384 fendo,
261 4325 395 4388 repugnet
414 4321 474 4390 hys.
493 4319 614 4386 xx1‚32
644 4321 706 4372 τὸν
734 4319 770 4372 δὲ
790 4319 918 4382 μεταξὺ
945 4317 1077 4384 χρόνον
1104 4313 1369 4382 ἐτριηράρχουν

137 4408 212 4460 ἑπτά
234 4407 300 4474 ἔτη,
327 4409 373 4460 καλ
396 4407 423 4461 ἓξ
446 4407 575 4462 τάλαντα
599 4404 741 4471 ἀνήλωκα.
769 4406 815 4456 καλ
838 4405 978 4457 τοιαύτά(
1007 4401 1136 4455 δαπάναι
1160 4400 1369 4463 δαπανώμενα(

137 4495 185 4548 καί
209 4495 272 4546 καθ’
294 4493 406 4561 ἡμέραν
429 4493 500 4560 ὑπὲρ
518 4493 600 4558 ὑμῶν
617 4491 794 4545 κινδυνεύων
811 4491 858 4544 καὶ
877 4489 1048 4554 ἀποδημῶν,
1076 4488 1170 4552 opor
1194 4485 1369 4552 εἰεφοράν
