3142 5052
621 301 662 311 -
709 258 768 330 139

91 463 230 519 nomer]
252 455 329 518 sunt
351 454 474 532 adsuit,
499 454 650 518 maiorum
674 458 855 518 ornamenta
878 471 1030 532 oonoesse,
1054 457 1116 530 sed,
1139 453 1194 518 ubi
1215 454 1350 536 primum

96 558 143 622 ab
164 555 307 622 homine
330 556 433 639 aliquo
456 557 597 638 adoptati
620 557 670 620 vel
692 555 833 640 adrogati
856 557 938 635 sunt,
962 555 1349 642 adempteesse¹);1seei

95 661 196 725 enim
240 657 392 724 orationis
415 659 444 724 V
466 661 600 724 sectione
622 659 680 742 et,
713 661 766 740 qui
790 659 962 726 orotIonem
983 660 1134 737 habetet,
1165 659 1351 741 Dioaeogeni

94 781 115 826 a
140 762 372 845 Dicaeogone‚
407 761 554 826 Mareotis
582 761 664 837 filio,
696 761 836 827 familiae
859 779 892 828 se
913 763 1064 827 insertum
1094 781 1159 827 esse
1189 761 1351 826 simulanti

94 864 325 948 pecuniarum
347 863 474 928 tantum
491 861 662 946 eupiditate
684 864 799 929 obiecit
814 883 883 931 eam
899 864 1023 942 adduoi,
1046 865 1083 928 ut
1096 865 1165 946 ipsa
1176 864 1349 941 Harmodii,

95 969 203 1032 abavi
232 966 294 1045 sui,
318 967 456 1048 praemia
478 965 639 1048 respueret
664 965 764 1048 (πάλλ’
785 966 860 1032 teuc
884 969 935 1032 διὰ
956 968 1032 1031 τοὺε
1054 968 1235 1045 προγόνου(
1259 967 1350 1034 ἀξιώ-

97 1093 165 1137 τειε
193 1091 265 1150 μου
287 1071 385 1135 πλέον
407 1070 499 1149 ἔχειν,
522 1069 572 1134 ὅτι
593 1070 651 1134 τὸν
673 1071 831 1149 τύραννον
850 1069 1047 1136 ἀπέκτειναν.
1073 1071 1138 1144 ἐγὼ
1161 1071 1189 1135 δ’
1212 1071 1350 1134 ἐκείνου(

97 1176 162 1256 μὲν
204 1175 348 1250 ἐπαινῶ,
382 1175 430 1238 coi
453 1176 489 1239 δὲ
511 1174 609 1239 οὐδὲν
639 1175 775 1254 ἠγοῦμαι
809 1179 865 1253 τῆ(
898 1175 1028 1240 ἐκείνων
1061 1173 1175 1254 ἀρετῆε
1206 1177 1349 1252 μετεῖναι.

98 1281 251 1357 πρῶτον
275 1278 332 1355 μὲν
354 1277 414 1356 γὰρ
438 1277 524 1342 είλου
546 1276 617 1342 ἀντί
639 1281 694 1356 ’τῆς
718 1277 847 1342 ἐκείνων
869 1277 965 1354 δόξηε
985 1279 1043 1355 τὴν
1065 1277 1219 1355 ἡμετέραν
1241 1277 1350 1340 erictus

99 1383 304 1458 κτήταεθαι,
336 1380 397 1444 καὶ
418 1379 640 1459 ἐβουλήθη(
666 1382 816 1458 μᾶλλον
836 1379 1128 1455 ΙΔικαιογένουτ
1150 1383 1348 1464 rarescent

102 1485 200 1549 υἱὸτ
228 1485 250 1562 ἢ
275 1481 499 1560 Ἁρμοδίου,
533 1481 732 1562 ὑπεριδὼν
764 1484 834 1560 μὲν
867 1485 937 1560 τήν
971 1481 1011 1546 ἐν
1038 1481 1273 1564 Πρυτανείῳ
1303 1481 1349 1543 εί-

100 1607 244 1664 τητιν,
268 1585 572 1665 καταφρονήεαε
594 1586 637 1666 δὲ
659 1587 882 1663 προεδριῶν
905 1585 966 1649 καὶ
989 1582 1192 1659 ἀτελειῶν,
1223 1584 1349 1648 ἃτοῐτ

103 1690 151 1756 ἐξ,
172 1689 347 1754 ἐκείνων
368 1687 551 1763 γεγονότι
573 1689 784 1769 atterere).
797 1669 910 1752 'Simul
924 1686 1021 1770 igitur
1036 1685 1094 1750 hoo
1111 1687 1249 1751 statuere
1264 1686 1347 1762 iicet,

103 1791 228 1873 quiin
254 1789 386 1854 alieuius
417 1789 556 1854 familiae
583 1807 696 1854 nomen
725 1790 863 1856 adsutus
881 1792 975 1868 erat,
1009 1788 1137 1854 eundem
1166 1789 1348 1873 participem

107 1895 241 1959 factum
266 1911 331 1956 esse
354 1886 447 1956 huius
470 1891 610 1957 familiae
632 1891 791 1958 honorum.

220 1997 268 2062 Ut
284 1994 421 2074 remiis,
442 1997 498 2079 ¹qui
512 1995 657 2080 indignos
672 2014 704 2060 se
719 1995 950 2077 praestitissent
972 1994 1125 2060 maiorum
1148 1995 1348 2071 ornamentis,

109 2120 147 2166 ea
172 2102 420 2184 abrogarentur,
442 2097 663 2176 Athenienses
687 2098 854 2180 antequam
875 2097 1024 2181 Leptines
1047 2099 1239 2181 rogationem
1262 2100 1347 2172 tulit,

107 2204 261 2268 nondum
296 2201 466 2266 decrevisse
505 2221 542 2264 ex
568 2200 653 2264 hisee
684 2200 898 2265 Demosthenis
932 2201 1034 2265 verbis
1068 2200 1138 2266 luoe
1170 2201 1281 2266 elarius
1313 2201 1348 2266 fit

111 2309 152 2390 (g.
180 2305 225 2370 96
252 2305 328 2386 sq.):
359 2309 455 2369 τοῦτο
486 2306 541 2383 μέν
573 2305 653 2369 ἐετιν
680 2305 715 2368 ἐν
736 2308 803 2369 τοίτ
825 2303 892 2368 orico
916 2304 1025 2382 νόμοι(
1055 2304 1174 2383 κυρίοιε
1204 2305 1349 2383 ὑπάρχον

6 2427 7 2498 j
113 2409 231 2484 καλόν,
258 2406 284 2470 ὦ
309 2405 422 2485 ἀνδρεε
444 2407 612 2485 Ἀθηναῖοι,
635 2407 686 2471 καί
708 2408 820 2487 εαφέτ,
843 2408 910 2471 τὰ(
932 2408 1099 2486 δωρεὰε,
1133 2407 1224 2472 ὅτατ
1247 2408 1265 2472 ὁ
1289 2412 1348 2486 δῆ-

6 2501 7 2504 *
110 2533 184 2589 poc
200 2513 344 2585 ἔδωκε,
367 2503 502 2588 κυρία(
524 2508 817 2574 εἷναι-οὔκουν
833 2509 985 2583 ἐναντίον,
1006 2508 1033 2571 ἀι
1050 2508 1163 2587 ἄνδρε(
1178 2508 1346 2587 Ἀθηναῖοι,

110 2620 157 2698 τῷ
180 2614 296 2694 κυρία(
323 2609 480 2676 εἶναιτὰ(
503 2612 641 2690 δωρεάε,
675 2611 749 2676 ὅεαε
771 2610 791 2676 ’ὁ
815 2615 914 2690 δῆμοε
937 2611 1052 2687 ἔδωκε,
1086 2613 1123 2676 τὸ
1147 2614 1245 2692 μηδὲν
1268 2611 1347 2678 εἶναι

111 2716 211 2796 ἀτελῆ
238 2715 372 2791 τούτων,
396 2713 445 2780 uic
467 2713 486 2779 ὁ
510 2715 766 2795 bipertitionem
790 2718 899 2795 cupae
921 2713 949 2791 γ’
967 2715 1092 2780 οὑτωεί.
1116 2715 1194 2782 ἀλλ’
1217 2716 1286 2781 οὐκ
1308 2717 1346 2782 ἐν

114 2819 141 2900 ᾧ
161 2823 235 2884 νῦν
258 2815 326 2882 ὅδε
348 2816 428 2898 (soil.
446 2818 631 2900 Κτήτιπποτ)
650 2817 899 2898 ἀντειεφέρει
920 2818 1041 2903 νόμῳ,
1065 2818 1143 2885 ἀλλ’
1166 2819 1186 2882 ἅ
1209 2819 1235 2883 τ’
1259 2820 1347 2884 ἐδώ-

114 2941 223 2998 κατε,
251 2921 377 2999 κύρια,
403 2922 468 2985 ικαὶ
490 2921 688 3001 πρόφαειτ
711 2922 843 2986 δικαία
869 2923 968 2987 κατὰ
990 2927 1065 2987 τῶν
1086 2924 1106 3000 ἢ
1129 2943 1347 3001 παρακρου-

115 3012 296 3102 εαμένων
323 3025 343 3102 ἢ
374 3023 469 3102 μετὰ
498 3021 601 3086 ταῦτ’
630 3023 877 3089 ἀδικούντων
898 3025 917 3102 ἢ
942 3022 1043 3088 ὅλωτ
1077 3023 1266 3098 ἀναξίων,
1302 3025 1347 3088 δι’

6 3135 8 3140 ’
114 3127 176 3204 ἣν,
201 3125 249 3192 ὃν
273 3126 318 3190 ἀν
340 3126 427 3205 ὑμίν
449 3130 560 3209 δοκῇ,
583 3126 765 3192 κωλύεετ’
788 3127 892 3205 ἔχειν
914 3127 1075 3206 δωρεάν.

219 3226 376 3305 Ceterum,
401 3228 428 3292 si
442 3227 593 3312 praemia,
616 3227 727 3311 quibus
750 3229 859 3294 civitas
882 3227 1019 3310 aliquem
1034 3228 1206 3307 ornaverat,
1230 3227 1345 3292 ineius

116 3331 300 3414 progeniem
321 3346 441 3412 quoque
464 3334 551 3394 erant
574 3331 747 3410 deferenda,
769 3330 802 3396 id
817 3330 919 3413 ipsum
940 3331 1032 3396 oleris
1048 3332 1150 3396 verbis
1166 3331 1199 3396 in
1215 3331 1346 3396 decretis
1363 3384 1367 3390 .

117 3435 264 3498 notatum
287 3451 353 3498 esse
376 3432 547 3518 apparet2).

121 3660 325 3672 ----..---

225 3795 245 3861 ¹)
264 3793 364 3848 Eadem
389 3793 431 3846 lor
449 3793 481 3847 tle
498 3792 647 3848 hereditate
673 3794 775 3860 valuit3
805 3791 850 3847 sed
877 3793 989 3863 dignum
1016 3798 1095 3863 puto,
1124 3794 1193 3864 qnod
1221 3798 1345 3849 notetur:

120 3879 202 3932 etiem
228 3879 252 3932 si
269 3879 330 3947 quir
347 3879 376 3931 in
394 3878 495 3932 alienae
519 3877 612 3932 domus
636 3893 733 3932 nomen
757 3877 875 3934 adserens
899 3879 950 3946 sit,
979 3895 1039 3934 eum
1060 3895 1114 3934 nen
1138 3879 1260 3934 amisisse
1278 3881 1344 3944 iura

123 3978 188 4030 quae
210 3979 257 4032 per
279 3966 428 4018 maternam
450 3964 581 4033 originem
604 3964 628 4018 ei
646 3967 724 4018 erant
743 3965 823 4032 (Isaei
842 3964 902 4030 VII,
919 3965 967 4020 25:
987 3965 1093 4034 μητρὸς
1112 3967 1136 4018 δ’
1153 3965 1247 4020 οὐδείε
1272 3967 1345 4020 ἐετιν

123 4049 283 4116 ἐκποίητος,
310 4050 368 4104 ἀλλ’
392 4050 496 4116 ὁμοίω(
520 4051 640 4120 ὑπάρχει
662 4052 717 4117 τὴν
741 4052 833 4118 αὐτὴν
858 4054 929 4107 εἶναι
954 4053 1077 4120 μητέρα,
1104 4052 1158 4106 κᾶν
1182 4053 1213 4105 ἐν
1232 4057 1274 4120 τῷ
1293 4066 1344 4106 πα-

123 4137 208 4202 τρῴῳ
229 4137 299 4205 μένῃ
318 4153 360 4191 ut
379 4138 449 4205 οίκιμ
470 4139 523 4192 κᾶν
541 4139 690 4206 ἑκποιηθῃς
718 4137 752 4193 of.
771 4139 794 4206 ξ.
813 4138 847 4192 λ3
865 4154 918 4206 sq.;
947 4138 980 4193 of.
999 4137 1119 4191 Platnor.
1139 4135 1279 4206 „Beitrtge
1298 4154 1345 4190 zur·

124 4217 271 4274 Kenntniss
290 4223 314 4276 d.
332 4225 383 4276 att.
402 4223 532 4276 Rechtesu
551 4241 577 4292 p.
598 4223 646 4278 112
664 4225 715 4292 sq.)

225 4308 245 4374 ²)
264 4306 363 4362 (ἔκτοτε
380 4320 450 4377 erge,
474 4325 506 4361 re
530 4310 670 4378 decipiaris
688 4309 781 4364 Wolfii
800 4309 886 4363 verbis
905 4311 935 4378 (t.
955 4327 975 4364 ο.
994 4325 1020 4377 p.
1041 4309 1098 4376 75):
1128 4308 1226 4363 „Plura
1254 4309 1345 4362 autem

126 4403 154 4440 er
167 4389 208 4442 his
226 4408 257 4446 ea
275 4394 333 4462 lege
350 4393 410 4447 dari
428 4394 557 4460 solebant,
577 4398 609 4448 ut
627 4396 661 4450 ad
678 4395 749 4450 filios
767 4398 794 4449 et
812 4399 932 4466 posteros
947 4401 1090 4464 tamquam
1109 4394 1267 4450 hereditatis
1286 4393 1344 4448 iure

126 4472 251 4533 oederent.
273 4477 350 4533 Certe
369 4478 550 4534 immunitatis
568 4480 670 4534 dandae
688 4512 721 4522 -
739 4482 783 4535 vix
802 4481 857 4534 fuit
875 4482 928 4536 alia
946 4481 1089 4536 condition.
