3194 5060
756 222 960 288 „94-

340 412 449 497 Neque
478 412 557 478 illud
581 412 813 478 consedendum
834 418 928 493 puto,
961 431 1028 494 psr
1062 428 1179 495 pagos
1202 407 1474 490 sennonteus,

238 515 346 598 quoad.
371 517 501 600 scimus,
534 517 605 582 unis
633 515 688 598 (cf.
711 515 801 582 Dsm.
824 515 970 595 XXXIX,
994 516 1012 580 7
1036 516 1119 600 sqq.)
1144 531 1272 580 munere
1307 512 1479 595 epularum

238 619 500 686 instituendarum
523 618 730 688 Athenienses
760 618 881 685 muetos
904 637 979 686 sess.
1014 617 1121 686 Unum
1143 615 1384 700 argumentum,
1417 631 1478 698 quo

241 721 317 787 hasa
338 722 493 788 sententia
514 722 741 805 comprobetur,
763 722 837 788 inde
860 722 943 788 sumi
964 721 1074 806 possit,
1099 719 1183 804 quod
1205 720 1286 786 Isasi
1306 716 1403 797 VIII,
1423 719 1478 785 19:

240 824 280 889 oi
311 845 352 891 τε
384 829 570 903 γυναῖκες
602 825 639 890 αἱ
672 829 748 892 πῶν
781 828 961 905 δημοτῶν
990 825 1069 904 μετὰ
1098 827 1198 890 ταῦτα
1230 821 1482 902 προῦκριναν

240 926 361 1007 αὐτὴν
390 930 468 1008 μετὰ
495 933 554 1009 τῆς
573 929 748 996 Διοκλέους
775 929 923 1006 γυναικὸς
943 931 1001 994 τοῦ
1023 929 1168 997 Πιτθέως
1191 925 1330 1006 ἄρχειν
1354 924 1413 991 εἰς
1435 925 1481 990 τὰ

240 1031 489 1114 θεςμορόρια
511 1033 561 1098 καὶ
584 1036 685 1098 ποιεῖν
705 1033 745 1098 τὰ
760 1031 952 1112 νομιζόμενα
972 1030 1037 1117 perf
1060 1031 1179 1109 ἐκείνης
1201 1029 1291 1094 binas
1307 1046 1367 1110 psr
1383 1045 1481 1113 pagos

241 1133 447 1200 Athenienses
469 1135 622 1202 creavisse
645 1135 821 1218 sensuimus
842 1135 1003 1212 mulieres,
1027 1151 1105 1217 quas
1127 1133 1304 1217 praeessent
1327 1131 1480 1197 Thesmo·

240 1234 359 1317 phoriis
393 1235 592 1304 instituendis
625 1237 677 1320 (f.
701 1237 731 1318 θ.
755 1237 829 1320 20).;
861 1239 916 1304 sed,
947 1255 1136 1322 quamquam
1159 1255 1194 1302 ex
1217 1234 1356 1318 singulis
1390 1233 1483 1320 pagis

239 1338 374 1404 feminee
403 1338 617 1423 eligebantur,
652 1358 746 1424 quas,
780 1343 817 1406 ut
843 1358 995 1425 pagorum
1018 1340 1180 1406 mehontss
1201 1339 1236 1404 in
1257 1337 1480 1404 Pansthsnse·

241 1458 331 1506 orum
360 1459 474 1525 pompa
484 1443 523 1526 ¹),
560 1443 663 1508 omnia
692 1443 966 1523 administrarent,
993 1443 1112 1526 ‹quibus
1145 1459 1222 1525 opus
1253 1443 1322 1508 erat
1346 1439 1478 1518 inillis,

240 1542 320 1606 nihil
342 1544 448 1610 temen
471 1544 584 1624 obstet,
608 1545 773 1629 quominus
796 1565 851 1631 per
873 1546 975 1614 tribus
990 1545 1159 1612 destinatas
1181 1563 1249 1610 esse
1267 1543 1478 1626 suspicemur,

241 1662 320 1728 quas
343 1644 468 1712 feminis
490 1648 596 1731 epulas
618 1648 815 1732 penarent2).

344 1747 433 1830 Quod
455 1750 586 1837 denique
611 1751 690 1818 Isasi
712 1752 778 1831 Ill,
802 1752 845 1818 80
866 1752 981 1836 pagani
1003 1753 1100 1818 testes
1123 1751 1275 1829 citantur,
1299 1769 1364 1816 non
1387 1751 1421 1816 in
1444 1767 1478 1814 so

241 1851 376 1931 positum
401 1855 456 1930 est,
482 1856 564 1936 quod
580 1855 618 1922 de
634 1873 763 1922 munere
784 1855 889 1940 agitur
912 1856 952 1922 ad
974 1855 1046 1924 illos
1069 1858 1195 1922 mutum
1218 1855 1395 1937 spectante,
1424 1853 1477 1916 sed

240 1954 274 2020 in
296 1973 330 2020 eo
353 1957 465 2038 potins,
488 1958 585 2043 quod,
609 1971 668 2044 quo
692 1961 854 2044 angustior
877 1961 944 2024 srst
967 1957 1098 2024 societas
1121 1977 1238 2040 sorum,
1261 1974 1338 2040 quos
1363 1954 1476 2040 aliquis

241 2057 478 2139 testificabatur,
503 2080 537 2126 so
553 2065 669 2128 certius
692 2063 859 2130 eorundem
881 2062 1002 2128 exstitit
1024 2060 1242 2127 testimonium
1258 2077 1296 2124 ac
1310 2061 1475 2144 praecipue

240 2159 298 2226 hoc
327 2161 452 2243 quidem
484 2165 566 2242 loeo,
598 2183 673 2248 quo,
705 2185 780 2234 num
802 2165 920 2250 Phylae
948 2168 1082 2232 matrem
1104 2163 1243 2248 Pyrrhus
1266 2177 1396 2228 uxorem
1419 2162 1474 2226 sd·

244 2265 428 2346 sumpsisset
450 2283 556 2346 neone,
580 2269 702 2336 ostendi
724 2287 847 2335 necesse
871 2263 994 2351 cessit.

345 2366 456 2450 ltsque
484 2367 594 2435 fidenti
622 2371 725 2440 animo
748 2371 780 2437 iri
803 2371 899 2438 statui
927 2372 1021 2438 licens
1048 2369 1207 2448 existimo,
1242 2386 1359 2434 munus
1383 2383 1474 2432 cenas

242 2467 328 2536 feriis
344 2471 476 2554 publicis
498 2492 553 2558 pro
576 2473 745 2541 tribulibus
767 2473 924 2542 faciendae
946 2474 1085 2542 eiusdem
1106 2472 1237 2540 rationis
1261 2469 1358 2536 fuisse
1382 2473 1474 2553 atque

242 2572 419 2658 chonegiam
449 2579 479 2641 et
507 2577 790 2660 gymnasierehism
824 2597 924 2661 nsque
952 2596 988 2644 ex
1016 2595 1072 2642 sna
1104 2578 1242 2660 ipsarum
1274 2574 1472 2651 auctoritate,

243 2676 296 2740 sed
324 2679 447 2743 nomine
476 2683 601 2746 uncum
629 2682 726 2746 totius
753 2681 963 2766 reipublicae
986 2699 1005 2746 a
1026 2679 1160 2764 siugulis
1183 2678 1328 2745 tribubus
1351 2677 1471 2746 civibus

905 2903 976 2968 μηδὲ
993 2903 1028 2956 τὸ
1048 2903 1149 2970 μέγαρ-

433 3003 481 3042 ,ον
498 2987 650 3056 προςίωςιν
668 2989 736 3042 ἄνευ
754 2992 807 3055 τῆς
825 2987 926 3056 ἱερέας,
947 2988 1015 3058 [ἀλ-]

445 3075 471 3128 λ’
489 3075 507 3140 ἢ
527 3075 598 3129 ὅταν
616 3077 634 3142 ἡ
655 3075 759 3144 ἑορτὴ
778 3079 850 3129 τῶν
868 3073 1119 3150 θεςμοῑφορῐων

445 3160 492 3213 καὶ
509 3161 658 3229 πληροςῐαι
676 3164 721 3216 καί
739 3159 907 3227 καλαμαίοις
923 3178 952 3214 κ-
1021 3171 1024 3178 ’

447 3247 480 3299 αἱ
498 3247 540 3300 τὰ
559 3246 658 3316 tripu
676 3251 724 3302 sul
742 3249 768 3303 εἴ
783 3264 850 3302 τινα
869 3249 958 3315 ἄλλην
976 3247 1043 3314 ἡμέ-

446 3347 500 3400 ραν
518 3335 701 3403 ςυνέρχονται
719 3333 748 3388 αἱ
766 3339 899 3400 γυναῖκες
916 3350 964 3388 κα-

446 3418 483 3471 τὰ
501 3420 538 3472 τὰ
556 3421 672 3489 πάτριας

242 3500 275 3556 ci.
294 3500 403 3556 Prellsr.
426 3503 481 3557 „De
498 3504 589 3567 Cerere
606 3521 637 3559 ac
654 3504 836 3574 Proserpinae,
855 3503 1002 3572 Hamburg.
1022 3504 1088 3558 1837
1106 3519 1132 3572 p.
1149 3503 1205 3556 340
1222 3519 1248 3556 n.
1267 3502 1309 3556 24.

346 3589 366 3651 ¹)
385 3586 474 3643 Schcl.
488 3590 572 3644 Arist.
590 3590 653 3644 nub.
670 3590 718 3645 37:
737 3591 832 3645 δάκνει
851 3607 884 3656 με
903 3589 1059 3658 δήμαρχος]
1079 3588 1211 3643 -οὖτοι
1230 3589 1335 3655 δὲτὴν
1353 3587 1468 3653 πομπὴν

242 3677 303 3730 τῶν
321 3674 536 3742 Παναθηναίων
562 3677 713 3742 ὲκδςμουν,
742 3676 920 3732 Κλειςθένους
943 3675 1174 3744 καταςτήςαντος
1198 3675 1263 3729 ἀντὶ
1284 3674 1468 3743 ναυκράρων·

243 3761 300 3817 ἔςτι
324 3763 355 3818 δὲ
380 3762 523 3830 δήμαρχος
549 3763 565 3816 t
587 3764 642 3830 τὴν
665 3763 817 3828 ἐπώνυμον
842 3761 932 3832 ἀρχὴν
956 3763 1065 3831 ἄρχωνς
1093 3759 1467 3827 Suiu.1‚1,1243,7sqq.:

243 3878 276 3887 —
289 3847 369 3902 οὗτοι
381 3847 408 3902 ol
420 3847 494 3901 κατὰ
513 3848 603 3914 δῆμον
621 3848 772 3916 ἄρχοντες·
791 3847 871 3902 οὗτοι
884 3848 914 3902 δὲ
928 3848 1092 3915 διεκόςμουν
1109 3849 1164 3916 τὴν
1183 3848 1287 3917 ἑορτὴν
1305 3847 1361 3914 τὴν
1374 3845 1467 3900 Πανα-
1574 3839 1575 3842 ’

243 3933 385 4000 (insutum
404 3932 438 3988 cf.
456 3932 605 3988 l'ithmauu.
623 3933 641 3988 L
660 3948 683 3988 s.
700 3949 726 4002 p.
743 3933 803 3992 298.

347 4020 367 4086 ²)
386 4018 449 4073 Sine
466 4017 522 4072 ullo
540 4020 701 4088 argumento
719 4019 908 4076 testimoniove
925 4020 1124 4076 Schosmannus
1143 4019 1201 4088 (Gr.
1213 4019 1333 4076 Aiterth.
1350 4017 1385 4084 Π,
1402 4013 1464 4076 4833

242 4105 307 4172 ese,
335 4103 457 4160 elisaei
480 4103 545 4162 edit.
570 4122 596 4175 p.
613 4105 674 4173 265)
701 4106 768 4160 alios
791 4106 982 4174 grammaticos
1005 4093 1121 4161 secutus
1137 4105 1264 4174 feminas,
1288 4120 1355 4177 quse
1376 4113 1463 4158 seuam

242 4191 427 4258 instruxerint,
439 4191 544 4247 easdem
555 4191 638 4248 fuisse
650 4192 790 4248 contendit
801 4195 881 4261 atqua
890 4209 943 4260 aas,
955 4190 1052 4262 quibus
1064 4192 1223 4250 mandetum
1231 4193 1277 4259 sit,
1290 4194 1321 4248 nt
1331 4183 1462 4246 sollemni·

242 4279 292 4332 bus
311 4278 486 4334 consulerent.

347 4364 366 4428 ³)
385 4364 453 4419 isaei
471 4363 518 4432 vl,
537 4365 570 4420 10
588 4381 640 4436 sq.;
659 4366 706 4430 s4;
733 4365 794 4436 Lys.
813 4365 871 4432 XX,
889 4366 937 4422 23:
963 4371 1079 4436 πρῶτον
1098 4369 1149 4434 μὲν
1168 4368 1222 4438 γὰρ
1241 4369 1318 4423 bruno
1335 4362 1461 4428 οὐδεμιᾶς

241 4448 389 4516 ςτρατείας
407 4451 572 4521 ἀπελείφθη,
590 4454 649 4509 ἀλλ’
667 4454 862 4521 ἐςτρατεύετο,
881 4455 921 4508 ὡς
940 4454 1099 4509 ςυνειδότες
1117 4455 1152 4510 ἂν
1172 4455 1278 4511 εἴποιεν
1292 4452 1319 4512 ot
1336 4448 1458 4519 δημόται
