3142 5052
743 260 962 326 -96-

235 446 454 512 mittebantur.
477 444 627 528 Quamvis
649 463 722 511 vcro
747 448 786 510 nd
808 446 989 512 sustiuenda
1017 448 1110 514 huius
1141 449 1287 535 liturgiae
1309 450 1458 534 impendit
1557 483 1558 536 ι

235 566 286 614 res
311 548 438 632 publica
466 550 627 632 pecuniam
650 548 738 613 daret
748 548 771 629 ¹)
798 551 830 614 ct
852 537 1046 633 computaret
1068 569 1156 631 vasu,
1190 571 1268 635 quae
1289 555 1323 618 iu
1344 555 1458 636 pompis
1557 555 1558 564 ’

236 649 485 735 μοιίαιοοίιιςί),
519 653 626 717 tamen
647 651 731 718 haud
755 652 884 738 exiguae
907 653 1055 734 pecuniae
1077 653 1219 734 fuerunt,
1254 674 1330 740 quas
1352 657 1378 720 is
1398 657 1459 738 ipsc

238 757 451 835 consumebat,
475 757 525 821 cui
546 755 604 820 hoc
626 771 740 820 munus
763 757 831 820 erat
852 755 1044 821 iniunctum:
1072 774 1145 822 nam
1166 760 1204 823 ut
1225 759 1289 824 alia
1310 759 1459 833 omittam,
1558 815 1559 834 ,

238 862 269 924 et
287 859 337 923 sui
359 859 465 942 ipsius,
487 860 524 922 ut
545 857 711 941 legationis
732 857 898 942 principis,
924 860 957 924 et
978 859 1077 943 chori,
1100 861 1156 944 qni
1176 879 1238 928 una
1260 880 1333 929 oum
1353 861 1459 945 legatis
1558 867 1559 870 ’

236 959 465 1043 ιαίίίοίιιίυιί),
488 962 616 1027 ornatus
638 980 728 1028 curae
751 963 779 1028 ei
801 959 906 1046 iuit4).
932 960 1028 1027 Guins
1050 963 1095 1029 rei
1118 968 1262 1049 sumptus
1282 963 1460 1050 magnitudo

239 1083 273 1130 eo
295 1063 455 1129 difficilius
477 1068 620 1129 accurate
642 1065 746 1148 potest
768 1063 904 1143 definiri,
932 1085 1004 1130 cum
1025 1083 1103 1144 uno,
1127 1069 1180 1149 qui
1203 1069 1242 1133 ad
1263 1088 1332 1135 rem
1353 1066 1461 1144 valeat,
1559 1118 1560 1143 ,

238 1168 314 1248 loco,
338 1168 448 1251 Lysiae
462 1166 548 1244 XXI,
564 1169 594 1245 5,
619 1168 673 1250 qui
687 1168 858 1233 orationem
881 1167 1002 1250 habuit,
1024 1169 1057 1234 iu
1073 1171 1254 1237 universum
1277 1168 1461 1237 tradaturin
1559 1145 1560 1166 ¹

238 1271 299 1335 huo
318 1269 461 1352 liturgia,
485 1270 699 1353 arrhephoria,
725 1269 857 1352 aliisque
877 1271 970 1336 huius
991 1272 1076 1338 modi
1097 1275 1277 1342 muneribus
1301 1276 1373 1357 plus
1395 1290 1461 1338 con·
1559 1333 1560 1336 ,

240 1375 356 1440 locasse
377 1373 512 1457 trigiute
531 1373 637 1441 minis.
782 1441 786 1448 ,
1100 1438 1102 1446 ,

341 1476 402 1557 Qui
430 1475 509 1543 hauc
537 1476 701 1560 liturgiam
731 1476 888 1556 suhiteut,
922 1478 1102 1545 archontum
1128 1480 1195 1546 ueri
1223 1479 1326 1551 simile
1347 1482 1395 1547 est
1416 1478 1464 1544 de·
1560 1529 1561 1534 ,

239 1582 389 1665 signasse,
412 1579 463 1647 cui
485 1597 659 1666 cognomen
683 1582 827 1661 Buculeio
849 1579 958 1662 oratii

342 1702 372 1781 β.
388 1701 419 1766 9.
442 1703 510 1769 Iam
526 1701 563 1765 de
578 1701 707 1783 reliquis
724 1701 862 1785 liturgiis
876 1701 979 1768 minus
998 1703 1080 1769 uotis
1103 1703 1294 1788 minorisque
1316 1698 1462 1769 momenti

239 1823 336 1888 pauca
365 1824 435 1870 sum
464 1805 674 1888 expositurus,
708 1805 891 1888 priusquam
920 1805 1134 1888 quaestionem
1163 1808 1202 1872 de
1230 1807 1325 1873 huius
1356 1800 1463 1887 speciei

242 1909 357 1975 civium
379 1907 622 1974 Atheniensium
645 1907 755 1974 officiis
778 1907 946 1974 absolvam.

344 2013 394 2079 Au
409 2013 660 2095 promunturium
677 2012 808 2080 Sunium
823 2012 931 2095 quinto
946 2030 1066 2096 quoque
1082 2011 1194 2098 anno⁰)
1211 2017 1242 2080 et
1257 2014 1290 2080 ln
1305 2005 1462 2091 Piraeaoh
1561 2069 1562 2082 ,

243 2131 445 2140 ἠ...-

243 2169 367 2222 έταξεν
391 2167 427 2220 ἐν
452 2171 492 2235 τῇ
519 2164 668 2234 μαντείᾳ
691 2166 731 2220 τὸ
754 2166 894 2232 ἄγαλμα
917 2169 980 2233 τῆς
998 2166 1140 2233 Διιύνης
1167 2167 1401 2234 ὲπικοςμῆςαι
1423 2160 1466 2213 καί

242 2258 324 2321 ὑμεῖς
346 2254 499 2324 πρόςωπον
517 2270 550 2308 τε
567 2254 751 2319 ποιηςάμενοι
772 2255 812 2306 ὡς
830 2250 892 2306 cita
909 2269 942 2306 τε
960 2253 1108 2306 κάλλιςτον
1131 2255 1177 2306 καί
1202 2253 1292 2306 τᾶλλα
1315 2252 1411 2307 πάντα
1433 2245 1465 2298 τὰ

242 2342 385 2394 ἀκόλουθα
402 2341 448 2394 καί
465 2339 570 2405 κύςμον
587 2340 678 2393 πολύν
696 2341 743 2392 καί
762 2341 904 2406 πολυτελῆ
917 2343 953 2406 τῇ
966 2341 1024 2406 θεῷ
1043 2339 1308 2406 παραςκευάςαντες
1327 2339 1375 2391 καί
1390 2336 1466 2387 θεω-
1562 2403 1563 2406 ¹

243 2427 324 2496 ρίαν
341 2426 387 2480 καί
405 2424 503 2480 θυςίαν
519 2428 634 2480 πολλῶν
651 2425 809 2492 χρημάτων
828 2421 1109 2478 ἀποςτείλαντες
1130 2424 1338 2490 ἒπεκοςμὴςατε
1356 2423 1390 2477 τὸ
1408 2419 1466 2472 ἕδος
1562 2407 1563 2430 ’

242 2517 294 2580 τῆς
312 2514 436 2579 Διώνης.

347 2601 368 2660 ¹)
385 2597 501 2659 Boseth.
519 2597 537 2651 I.
557 2614 579 2652 c.
597 2595 631 2661 Il,
650 2596 686 2650 θί)
703 2598 738 2665 (β.
775 2598 799 2662 );
817 2595 1018 2665 Ἀρχιθεωροῖς
1035 2595 1059 2647 Τ
1076 2624 1111 2634 -

346 2686 368 2751 ²)
385 2683 514 2740 Andocid.
531 2683 577 2750 IV,
596 2684 645 2738 29:
671 2683 707 2736 τὰ
727 2685 853 2747 πομπεῖα
881 2683 959 2751 παρὰ
986 2685 1047 2735 τῶν
1073 2681 1257 2749 ἀρχιθεωριθν
1283 2682 1465 2750 αίτηςάμενο(

243 2774 282 2825 ὡς
300 2770 339 2825 είς
362 2770 504 2825 τάπινίκια
522 2774 557 2838 τῇ
575 2768 732 2837 προτεραίᾳ
756 2772 811 2834 τῆς
832 2766 928 2821 θυςίας
950 2768 1124 2835 χρηςὸμενος
1146 2767 1307 2834 ἐξηπάτηςε
1331 2769 1377 2821 καί
1403 2764 1466 2816 ἀτο-

245 2860 344 2911 δοθναι
366 2857 419 2911 ούκ
441 2857 538 2922 ἤθελε,
566 2855 736 2921 βουλόμενος
753 2858 789 2922 τῇ
808 2852 942 2923 ύςτεραίᾳ
959 2852 1100 2920 πρότερος
1117 2857 1171 2920 τῆς
1189 2855 1300 2908 πόλεως
1317 2851 1467 2922 χρὴςαςθαι

244 2948 305 2998 τοῖς
332 2947 445 3012 χρυςοίς
468 2940 615 3010 χερνιβίοις
638 2943 684 2994 καί
706 2938 914 3008 θυμιατηρίοις·
938 2940 999 2993 δςοι
1019 2941 1068 3004 μὲν
1087 2938 1139 2993 οὖν
1162 2943 1224 2993 τῶν
1247 2940 1338 2994 ξένων
1364 2938 1399 3004 μὴ
1418 2930 1468 2998 ἐγ(-

244 3046 374 3097 γναιςκον
393 3029 518 3096 ἡμέτερα
536 3028 617 3091 ὄντα,
634 3028 689 3093 τὴν
707 3027 823 3092 πομπήν
840 3028 896 3091 τὴν
914 3027 1013 3091 κοινὴν
1031 3026 1157 3093 ὁρύλντες
1172 3025 1296 3092 ύςτέραν
1315 3027 1403 3078 αύςαν
1420 3021 1468 3083 τῆ(
1563 3071 1564 3081 ,

243 3115 420 3182 Ἀλκιβίαδου
437 3121 499 3169 τοῖς
516 3114 622 3168 τούτου
640 3113 788 3178 πομπείοις
806 3114 923 3180 χρῆςθαι
941 3113 1070 3177 ἐνόμιζον
1088 3112 1162 3177 ἡμᾶς
1181 3112 1231 3166 otc.

348 3203 370 3272 ¹)
389 3201 509 3270 Xenoph.
523 3200 602 3254 Mem.
621 3199 671 3258 Ill.
693 3199 717 3264 3,
734 3199 765 3251 12
783 3198 826 3264 (cl.
845 3214 869 3267 p.
888 3198 921 3251 97
939 3214 965 3250 n.
983 3197 1011 3259 4)
1030 3201 1058 3250 et
1070 3196 1188 3265 Thucyd.
1207 3196 1257 3256 III,
1277 3196 1334 3262 104,
1347 3197 1377 3250 6:
1396 3195 1467 3248 ύςτε-

245 3307 297 3358 ρον
315 3291 345 3343 δὲ
363 3291 432 3343 τούς
460 3290 511 3354 μὲν
537 3289 641 3355 χορούς
658 3284 685 3340 ot
703 3290 841 3352 νηςιιῖυτοιι
867 3286 913 3337 καί
931 3283 959 3337 ot
975 3284 1122 3350 Ἀθηναῖοι
1150 3285 1208 3347 μεθ’
1234 3283 1320 3351 ίερῶν
1348 3284 1468 3352 ἔπεμπον

245 3374 315 3441 (scil.
328 3373 367 3428 είς
379 3374 494 3441 Δῆλον),
512 3373 549 3427 τὰ
565 3374 595 3426 δὲ
608 3374 671 3440 περί
690 3371 804 3436 ἀγῶνος
821 3373 868 3424 καί
886 3371 922 3423 τὰ
940 3371 1056 3424 πλείςτα
1074 3370 1216 3435 κατελύθη
1236 3369 1292 3423 ὑπὸ
1311 3365 1469 3434 ςυμφορύιν,

247 3463 287 3515 ὡς
305 3459 391 3524 είκὸς,
417 3463 484 3528 πρὶν
503 3461 538 3526 δὴ
558 3459 584 3513 οί
601 3459 747 3525 Ἀθηναῖοι
770 3459 838 3511 τότε
861 3459 914 3510 τὸν
937 3456 1037 3521 ἀγῶνα
1062 3454 1195 3521 ἐποίηςαν
1213 3457 1259 3508 καί
1278 3446 1467 3521 ίπποθμομίας,
1562 3503 1564 3516 1

247 3548 263 3601 ὃ
281 3548 425 3615 πρότερον
443 3547 495 3600 ούκ
513 3547 558 3612 ἦν.

351 3633 370 3698 ⁴)
387 3629 524 3685 Plutarch.
544 3629 593 3683 vit.
606 3630 758 3694 XXXVIII,
770 3630 795 3684 3.
807 3629 837 3682 5:
856 3630 902 3693 ἅμ’
919 3627 1012 3696 ἡμέρᾳ
1030 3627 1084 3693 τήν
1103 3644 1135 3681 τε
1152 3629 1270 3692 πομπὴν
1288 3631 1330 3694 τῷ
1349 3627 1405 3691 θεῷ
1422 3617 1467 3670 καί

245 3720 298 3774 τὸν
315 3719 403 3787 χορὸν
425 3719 506 3784 ἄγων
522 3717 732 3785 κεκοςμημένον
752 3718 916 3770 πολυτελῶς
934 3715 981 3766 καί
999 3715 1107 3779 ᾄδοντα
1125 3713 1171 3766 διὰ
1188 3716 1240 3779 τῆς
1257 3714 1387 3779 γεφύρας
1405 3705 1466 3759 ἀπε·

248 3805 341 3873 βίβαζε
361 3804 429 3871 (soil.
449 3803 564 3868 Νικίας),
583 3803 615 3855 cf.
635 3803 659 3870 β.
677 3801 703 3854 4.

239 3900 242 3906 ’
351 3891 371 3958 ⁵)
390 3889 432 3946 Cf.
445 3889 520 3944 Dem.
532 3887 655 3954 XXXIX,
669 3889 698 3942 9:
718 3885 745 3940 τί
758 3887 797 3951 δέ,
817 3887 851 3940 ἂν
865 3887 936 3951 ἄλλη
948 3901 991 3939 τις
1003 3884 1075 3953 ἀρχὴ
1094 3886 1209 3951 καθιςτῇ
1229 3881 1268 3937 είς
1286 3875 1468 3948 λειτουργίαν,

248 3978 308 4034 οίον
326 3981 424 4048 ἄρχων
443 3978 577 4043 βαςιλεὺς,
596 3974 755 4036 ἀθλοθέται,
774 3972 802 4027 τί
821 3977 939 4038 ςημεῖον
957 3972 1041 4034 ἔςται,
1060 3970 1183 4037 πότερον
1201 3973 1372 4030 καθιςτᾶςιν;

351 4064 371 4131 ⁶)
389 4062 488 4117 Herod.
507 4061 552 4127 vi,
570 4061 618 4115 87:
636 4062 682 4113 καί
700 4060 736 4125 ἦν
754 4059 809 4126 γὰρ
828 4058 863 4123 hai
882 4061 955 4110 τοῖςι
972 4053 1142 4122 Ἀθηναίαιςι
1158 4058 1325 4122 πεντετηρὶς
1343 4054 1387 4108 ἐπί
1404 4049 1468 4102 Σου-

247 4151 314 4220 νίῳ,
338 4151 509 4218 λοχήςαντες
534 4147 576 4201 ὧν
599 4148 654 4213 τὴν
679 4142 803 4212 θεωρίδα
826 4143 878 4196 νέα
900 4141 977 4196 εἷλον
999 4141 1108 4208 πλήρεα
1134 4140 1248 4207 ἀνδρῶν
1271 4145 1330 4195 τῶν
1348 4137 1468 4207 πρώτων

247 4236 424 4305 Ἀθηναίους
444 4233 479 4289 οί.
497 4233 670 4287 Schocmanu.
689 4246 779 4299 opusc.
798 4229 820 4294 1,
838 4228 897 4282 315.

354 4322 374 4390 7)
392 4319 533 4374 Plutarch.
552 4318 602 4371 vlt.
621 4316 655 4381 X,
672 4316 714 4381 32,
733 4316 763 4369 h:
783 4316 800 4368 θ
818 4314 865 4367 ςὸς
884 4313 914 4366 δὲ
932 4313 1039 4377 τύμβος
1057 4311 1089 4364 ἐν
1107 4315 1185 4380 καλῷ
1203 4311 1378 4377 κεχωςμένος

503 4410 565 4459 τοῖς
582 4404 714 4470 ἐμπόροις
732 4401 884 4468 πρύςρηςις
902 4399 980 4451 ἔςται
997 4400 1155 4463 πανταχοῦ,

503 4491 554 4544 οθς
570 4488 744 4544 ἐκπλέοντας
761 4490 787 4540 τ
804 4485 984 4541 είςπλέοντάς
1002 4487 1028 4538 τ’
1045 4484 1157 4551 ὄψεται,

503 4577 639 4641 χώπόταν
657 4575 746 4640 ἅμιλλ’
764 4574 782 4642 ᾖ
800 4576 862 4627 τῶν
880 4575 963 4634 νεῶν,
981 4571 1119 4625 θεύςεται.
